2035 3158
720 127 883 168 ΠΡΟΣ
918 129 1285 181 ΚᾼΛΜΚΛΕΑ.
1742 124 1847 177 227

168 259 330 315 ἐστίν.
407 263 580 314 καίτοι
637 260 847 313 τούτων
901 259 1259 330 ὑπαρχόντων
1315 262 1393 323 τίς
1448 259 1516 313 ἂν
1564 262 1642 314 ἔτι
1688 262 1850 328 λόγος

104 800 142 831 15

100 1416 139 1447 1ss

99 1944 138 1976 1?

170 350 517 418 ἰσχυρότερος
582 343 624 401 ὦ
691 348 892 416 ἄνδρες
951 344 1237 417 Ἀθηναῖοι
1303 346 1546 416 γε’νοιτο;
1613 348 1679 401 τὰ
1744 348 1847 416 γὰρ

168 439 298 505 ἔργα
355 445 605 505 φανερῶς
666 434 945 504 ἐξελέγχει.
1023 439 1119 488 καί
1169 455 1262 504 μοι
1314 432 1445 504 λαβὲ
1494 436 1668 499 πάσας
1719 434 1850 489 νυνὶ

167 524 260 586 τὰς
297 527 613 593 μαρτυρίας,
651 521 741 576 καὶ
778 520 917 589 λέγε.

839 684 1176 727 MAPTTPIAI.

271 783 513 840 Ἀκούετ’
558 783 601 839 ὦ
641 787 840 855 ἄνδρες
872 785 1159 856 Ἀθηναῖοι
1207 796 1316 841 τῶν
1363 798 1693 859 μαρτυριῶν.
1756 783 1839 857 ἆρ’

166 875 298 944 ὑμῖν
337 875 563 931 δοκοῦσι
604 876 910 944 διαρρήδην
957 885 1281 945 μαρτυρεῖν,
1327 874 1417 929 καὶ
1463 879 1666 947 χωρίον
1705 873 1847 930 εἶναι

166 962 416 1033 δένδρων
447 965 647 1032 μεστὸν
679 962 768 1026 καὶ
801 961 1031 1032 μνήματ’
1071 966 1213 1034 ἔχειν
1246 965 1366 1017 τινὰ
1399 963 1488 1017 καὶ
1520 961 1672 1018 τᾶλλ’
1710 965 1847 1034 ἅπερ

164 1050 255 1104 καὶ
294 1060 407 1114 τοῖς
445 1055 720 1114 πλείστοις
759 1055 977 1121 χωρίοις
1018 1050 1385 1121 συμβέβηκεν,
1431 1051 1520 1105 καὶ
1558 1053 1724 1121 πάλιν
1764 1055 1847 1107 ὅτι

163 1140 624 1212 περιῳκοδομήθη
664 1141 724 1193 τὸ
765 1145 969 1209 χωρίον
1012 1142 1207 1203 ζῶντος
1245 1137 1345 1209 μὲν
1386 1143 1462 1193 ἔτι
1502 1150 1600 1196 τοῦ
1637 1143 1847 1197 τούτων

163 1231 391 1298 πατρός,
452 1228 552 1281 οὐκ
614 1227 1110 1297 ἀμφισβητούντων
1166 1225 1217 1281 δ’
1280 1228 1405 1282 οὔτε
1462 1230 1672 1284 τούτων
1725 1229 1839 1284 οὔτ’

165 1317 336 1370 ἄλλου
374 1325 485 1369 τῶν
524 1318 789 1384 γειτόνων
829 1315 1079 1379 οὐδενόςς

261 1402 449 1469 ’Ἄξιον
491 1400 542 1456 δ’
588 1399 630 1456 ὦ
671 1404 868 1471 ἄνδρες
916 1402 1162 1457 δικασταὶ
1204 1390 1299 1457 7καὶ
1343 1403 1466 1475 περὶ
1513 1415 1622 1459 τῶν
1661 1407 1845 1461 ἄλλων

164 1487 243 1546 ὧν
280 1497 459 1562 εἴρηκε
503 1493 812 1560 Καλλικλῆς
860 1490 1103 1544 ἀκοῦσαι.
1182 1490 1271 1545 καὶ
1311 1491 1588 1558 σκέψασθε
1628 1505 1844 1566 πρῶτον
1867 1510 1974 1548 1276

164 1579 284 1650 μέν,
321 1586 378 1634 εἴ
405 1600 487 1642 τις
525 1579 680 1648 ὑμῶν
721 1577 945 1648 ἑόρακεν
988 1580 1017 1647 ἢ
1060 1580 1255 1649 ἀκήκοε
1295 1582 1508 1636 πώποτε
1547 1582 1672 1654 παρ’
1711 1585 1845 1639 ὁδὸν

163 1669 444 1743 χαράδραν
483 1663 671 1721 οὖσαν.
742 1664 892 1736 οἶμαι
943 1670 1044 1737 γὰρ
1095 1668 1154 1721 ἐν
1199 1669 1344 1740 πάσῃ
1392 1677 1454 1739 τῇ
1494 1671 1644 1743 χώρᾳ
1681 1675 1843 1741 μηδε-

163 1760 294 1826 μίαν
325 1752 492 1810 εἷναι·
525 1764 624 1810 τοῦ
649 1756 753 1824 γὰρ
779 1753 922 1808 ἕνεκ’
954 1757 1041 1823 ἄν,
1075 1756 1104 1810 ὃ
1139 1758 1230 1810 διὰ
1262 1766 1354 1827 τῆς
1387 1758 1523 1813 ὁδοῦ
1555 1767 1647 1829 τῆς
1679 1763 1844 1831 δημο-

163 1847 284 1906 σίας
336 1846 524 1913 ἔμελλε
581 1845 897 1913 βαδιεῖσθαι
962 1848 1299 1915 φερόμενον,
1360 1848 1534 1920 τούτῳ
1591 1849 1681 1902 διὰ
1733 1861 1844 1904 τῶν

163 1934 322 1986 ἰδίων
374 1935 590 2003 χωρίων
645 1932 926 2001 χαράδραν
982 1932 1206 2003 ἐποίησέ
1254 1954 1355 1998 τις;
1414 1937 1594 1989 ἔπειτα
1646 1941 1728 2001 τίς
1775 1938 1845 1992 ἂν

161 2020 318 2090 ὑμῶν
364 2018 459 2074 εἴτ’
508 2020 566 2074 ἐν
614 2019 763 2092 ἀγρῷ
814 2021 883 2089 νὴ
926 2018 1024 2073 Δί’
1073 2019 1171 2074 εἴτ’
1218 2021 1279 2076 ἐν
1325 2024 1476 2077 ἄστει
1521 2026 1581 2078 τὸ
1624 2027 1715 2079 διὰ
1752 2036 1847 2097 τῆς

163 2109 299 2163 ὁδοῦ
349 2105 478 2177 ῥέον
527 2107 679 2177 ὕδωρ
731 2109 808 2170 εἰς
859 2110 918 2161 τὸ
965 2112 1169 2178 χωρίον
1208 2109 1242 2178 ἢ
1281 2111 1380 2180 τὴν
1420 2113 1599 2165 οἰκίαν
1639 2112 1839 2178 δέξαιτ’

163 2195 232 2249 ἂν
273 2194 516 2263 [αὑτοῦ];
563 2194 685 2248 ἀλλ’
732 2196 833 2249 οὐκ
873 2197 1006 2250 αὐτὸ
1054 2197 1406 2267 τούναντίον,
1452 2199 1555 2253 κᾶν
1593 2202 1852 2272 βιάσηταί

132 2280 312 2351 ,ποτ’,
350 2281 718 2352 ἀποφράττειν
766 2284 1001 2347 ἅπαντες
1047 2284 1137 2338 καὶ
1183 2288 1610 2356 παροικοδομεῖν
1647 2291 1845 2344 εἰώθα-

101 2823 139 2854 18

163 2391 288 2439 μενς
344 2366 505 2434 οὗτος
558 2373 750 2424 τοίνυν
806 2370 955 2435 ἀξιοῖ
1003 2370 1060 2441 μ’
1123 2372 1181 2426 ἐκ
1234 2381 1329 2443 τῆς
1388 2375 1524 2429 ὁδοῦ
1581 2378 1642 2430 τὸ
1691 2377 1844 2450 ὕδωρ

161 2458 549 2528 εἰσδεξάμενον
587 2460 666 2521 εἰς
703 2460 764 2512 τὸ
812 2458 1052 2528 ἐμαυτοῦ
1099 2464 1330 2531 χωρίον,
1377 2462 1509 2516 ὅταν
1547 2466 1607 2517 τὸ
1646 2466 1845 2520 τούτου

161 2545 474 2618 παραλλάξῃ
513 2549 738 2616 χωρίον,
776 2547 943 2600 πάλιν
976 2550 1053 2610 εἰς
1083 2549 1184 2618 τὴν
1217 2549 1352 2604 ὁδὸν
1393 2549 1690 2620 ἐξαγαγεῖν.
1753 2554 1845 2608 οὐ·

161 2643 298 2689 κοῦν
335 2634 502 2688 πάλιν
533 2634 562 2689 ὁ
595 2635 727 2703 μετὰ
766 2637 964 2689 τοῦτόν
1004 2656 1098 2704 μοι
1129 2647 1396 2707 ψγεωργῶν
1434 2648 1544 2692 τῶν
1583 2644 1846 2708 γειτόνων

164 2721 405 2790 ἐγκαλεῖ·
455 2723 516 2776 τὸ
563 2722 666 2792 γὰρ
712 2718 850 2792 ὑπὲρ
898 2724 1096 2777 τούτου
1143 2726 1358 2779 δίκαιον
1406 2727 1576 2795 δῆλον
1623 2728 1706 2782 ὅτι
1751 2730 1845 2783 κᾶ-

163 2813 365 2872 κείνοις
410 2809 638 2881 ὑπάρξει
687 2818 819 2864 πᾶσι
859 2810 1054 2880 λέγειν.
1122 2812 1260 2866 ἀλλὰ
1299 2815 1408 2884 μὴν
1447 2820 1504 2869 εἴ
1534 2813 1585 2884 γ’
1630 2819 1707 2880 εἰς
1744 2819 1845 2889 τὴν

163 2895 296 2951 ὁδὸν
321 2897 557 2966 ’ὀκνήσω
603 2901 663 2952 τὸ
709 2900 861 2969 ὕδωρ
908 2900 1143 2971 ἐξάγειν,
1195 2898 1229 2971 ἦ
1274 2922 1384 2957 που
1437 2906 1654 2975 σφόδρα
1705 2911 1844 2976 θαρ-

1488 2994 1577 3032 15*
