2035 3158
91 649 133 680 49

486 193 640 232 KATA
673 191 883 233 ETEPP.
917 191 1021 231 ΚΑΙ
1052 192 1298 233 ΜΝΗΣΙΒ.
1333 192 1514 233 unam.
1739 187 1838 239 117

159 327 313 377 ἄλλοι
365 334 473 377 τῶν
523 323 867 393 τριηράρχων
920 321 1136 392 ἑτέρους
1182 324 1568 393 εἰσεπράξαντο
1611 323 1706 385 οὓς
1742 341 1843 375 πα·

159 411 413 481 ρέλαβον,
453 411 747 479 ἀνάγνωθί
782 430 876 479 μοι
916 410 1097 463 αὐτῶν
1130 412 1223 473 τὰς
1263 415 1577 480 μαρτυρίας.

743 601 748 607 ⁶
835 550 1174 590 MAI-‘TTPIAL

268 634 548 700 Βούλομαι
581 634 773 684 τοίνυν
807 627 848 683 ὦ
883 632 1079 700 ἄνδρες
1124 631 1372 683 δικασταὶ
1405 630 1494 684 καὶ
1528 631 1560 684 ἃ
1592 631 1845 685 πέπονθα

160 719 248 772 ὑπ’
295 720 477 772 αὐτῶν
519 720 890 787 διηγήσασθαι
933 719 1078 787 ὑμῖν.
1148 719 1334 787 ἐπειδὴ
1375 721 1478 788 γὰρ
1521 716 1709 788 ὦφλον
1749 719 1843 772 αὐ-

157 818 269 869 τοῖς
307 809 407 875 τὴν
459 808 646 875 δίκην,
693 803 777 875 ἐφ’
823 801 858 877 ᾗ
899 809 1027 868 τοὺς
1074 808 1349 876 μάρτυρας
1395 808 1624 870 τούτους
1664 809 1843 861 διώκω

157 897 222 948 τὰ
273 896 450 962 ψευδῆ
507 898 1012 964 μεμαρτυρηκότας,
1067 898 1394 962 προσελθὼν
1451 904 1521 968 τῷ
1572 898 1842 968 Θεοφήμῳ

158 984 461 1052 μελλούσης
500 1003 591 1051 μοι
632 984 735 1050 ήδη
788 983 997 1051 ἐξήκειν
1038 991 1130 1050 τῆς
1169 984 1557 1053 ὑπερημερίας,
1606 984 1843 1052 ἐδεήθην

102 1086 105 1089 ·
158 1072 329 1125 αὐτοῦ
362 1071 602 1140 ἐπισχεῖν
627 1091 717 1139 μοι
746 1071 936 1138 ὀλίγον,
967 1074 1190 1140 χρόνον,
1230 1072 1406 1139 λέγων
1438 1074 1533 1135 τὰς
1565 1073 1843 1141 ἀληθείας,

91 1265 135 1296 50

94 1968 133 1999 51

159 1160 242 1212 ὅτι
278 1158 680 1227 πεπορισμένου
721 1168 819 1212 τοῦ
871 1159 1139 1227 ἀργυρίου
1182 1159 1210 1212 ὃ
1251 1163 1480 1228 ἔμελλον
1521 1161 1665 1231 αὐτῷ
1708 1161 1843 1215 ἐκτί-

163 1268 276 1301 νειν
323 1246 635 1316 συμβέβηκέ
679 1267 769 1316 μοι
825 1267 978 1316 τριηρ
977 1267 1170 1354 αρχια,
1220 1247 1308 1300 καὶ
1361 1248 1711 1302 ἀποστέλλειν
1752 1251 1843 1303 διὰ

160 1337 354 1405 τάχους
401 1336 488 1387 δεῖ
529 1337 629 1403 τὴν
682 1355 907 1403 τριήρη,
961 1334 1051 1387 καὶ
1103 1335 1130 1388 ὁ
1184 1340 1480 1403 στρατηγὸς
1525 1336 1845 1408 Ἀλκίμαχος

160 1425 305 1496 αὑτῷ
345 1424 774 1491 παρασκευάζειν
814 1425 1022 1475 κελεύει
1055 1424 1257 1491 ταύτην
1297 1426 1396 1492 τὴν
1442 1434 1601 1478 ναῦν·
1643 1429 1701 1479 τὸ
1743 1423 1845 1480 οὖν

160 1512 426 1582 ἀργύριον
458 1514 518 1564 τὸ
558 1510 962 1580 πεπορισμένον
996 1519 1068 1583 τςό
1107 1507 1378 1585 Θεοφημω
1413 1513 1720 1567 ἀποδοῦναι
1760 1515 1845 1568 ἐν·

159 1605 340 1653 ταῦθα
378 1599 806 1702 κατεχρησαμην.
879 1599 1111 1668 ἐδεόμην
1161 1599 1209 1651 δ
1258 1601 1428 1653 αὐτοῦ
1469 1601 1844 1671 ἀναβαλέσθαι

160 1690 258 1756 τὴν
297 1687 694 1754 ὑπερημερίαν,
743 1707 842 1749 εως
891 1687 959 1740 ἂν
999 1690 1098 1756 τὴν
1138 1697 1278 1742 ναῦν
1318 1689 1635 1743 ἀποστείλω.
1714 1693 1742 1746 ὁ
1784 1690 1844 1746 δὲ

161 1776 362 1846 ρᾳδίςω
383 1795 500 1842 μοι
547 1773 635 1827 καὶ
684 1774 897 1837 ἀκάκως
944 1775 1314 1844 ἀποκριᾘνεται
1367 1776 1560 1831 οὐδεν
1599 1781 1844 1851 κωλύει’,

161 1867 285 1932 ε’φη·
328 1861 470 1915 (ἀλλ’
521 1863 742 1916 ἐπειδαν
791 1866 890 1932 τὴν
941 1873 1083 1917 ναῦν
1129 1864 1476 1936 ἀποστείλῃς,
1530 1870 1712 1934 πόριζε
1753 1869 1844 1922 καὶ

161 1949 321 2020 suot?
384 1938 824 2020 ἀπὀκριναμένου
859 1950 922 2004 δέ
950 1972 1041 2021 μοι
1080 1962 1249 2006 ταῦτα
1289 1964 1386 2007 τοῦ
1421 1958 1715 2025 Θεοφήμου
1755 1957 1845 2010 καὶ

160 2038 577 2107 ἀναβαλομένου
616 2041 715 2108 τὴν
764 2040 1162 2110 ὑπερημερίαν,
1209 2041 1301 2095 καὶ
1340 2044 1574 2111 μάλιστά
1612 2065 1718 2113 μου
1759 2066 1844 2098 πι-

90 2182 94 2186 ,
162 2129 488 2190 στεύσαντος
538 2135 601 2197 τῇ
649 2147 703 2181 τε
746 2128 1032 2197 ἐπισκήψει
1072 2139 1182 2182 τῶν
1222 2133 1716 2202 ψευδομαρτυριῶν
1754 2133 1843 2187 καὶ

162 2222 234 2285 τῷ
276 2216 347 2283 μὴ
390 2213 604 2267 ἐθέλειν
656 2215 824 2268 αὐτὸν
872 2218 1219 2283 παραδοῦναι
1258 2219 1358 2286 τὴν
1399 2221 1725 2284 ἄνθρωπον.
1773 2222 1847 2285 ὡς

163 2299 326 2355 οὐδὲν
351 2302 420 2355 ἂν
445 2306 867 2370 νεωτερίσαντος
897 2304 1021 2372 περὶ
1054 2304 1213 2373 τάμά,
1252 2306 1355 2373 ἐγὼ
1389 2305 1488 2374 μὲν
1521 2309 1621 2376 τὴν
1653 2313 1843 2379 τριήρη

98 2888 139 2920 52

162 2391 512 2458 ἀποστείλας,
564 2390 631 2444 οὐ
679 2395 906 2451 πολλαῖς
954 2391 1177 2460 ἡμέραις
1223 2395 1455 2463 ὕστερον
1507 2400 1734 2463 πορίσας
1783 2399 1845 2450 τὸ

162 2478 446 2548 ἀργύριον,
485 2480 814 2547 προσελθὼν
848 2479 993 2551 αὐτῷ
1030 2480 1282 2534 ἐκέλευον
1317 2482 1401 2535 ἐπὶ
1442 2486 1540 2552 τὴν
1580 2486 1846 2553 τράπεζαν

162 2567 580 2620 ἀκολουθοῦντα
612 2569 930 2635 κομίζεσθαι
964 2571 1063 2636 τὴν
1103 2571 1414 2638 καταδίκην.
1480 2572 1552 2634 ὡς
1592 2569 1652 2624 δὲ
1691 2570 1838 2626 ταῦτ’

163 2654 342 2722 ἀληθῆ
377 2654 535 2723 λέγω,
578 2657 787 2709 τούτων
826 2656 952 2724 ὑμῖν
987 2657 1360 2725 ἀναγνώσεται
1401 2661 1494 2721 τὰς
1532 2664 1845 2730 μαρτυρίας.

837 2795 1171 2837 ΜΑΡΤΥΡΙΑῘ.

266 2872 325 2926 Ὁ
366 2877 424 2928 δὲ
460 2878 748 2944 Θεόφημος
782 2875 902 2928 ἀντὶ
935 2885 1032 2929 τοῦ
1072 2882 1171 2945 τὴν
1211 2879 1507 2947 καταδίκην
1547 2879 1846 2949 ἀπολαβειν

164 2963 546 3031 ἀκολουθήσας
597 2963 684 3016 ἐπὶ
736 2966 835 3033 τὴν
887 2965 1178 3034 τράπεζαν,
1231 2964 1414 3019 ἐλθών
1460 2987 1566 3035 μου
1614 2968 1677 3019 τὰ
1715 2971 1846 3039 πρό-

1866 2811 1884 2848 1
1895 2809 1977 2849 1ῦό
