2035 3158
379 149 535 191 KATA
565 148 776 191 ΕΤΕΡΓ.
809 149 912 191 KAI
941 151 1188 192 ΜΝΗΣΙΒ.
1222 150 1406 191 ΨΕΤΔ.
1639 149 1743 200 125

67 281 230 349 κύρια
269 277 411 334 εἶναι
442 280 545 334 ὅσα
575 279 644 333 ἄν
691 280 872 350 ἕτερος
905 279 1069 354 ἑτέρῳ
1112 282 1443 353 ὁμολογήσῃ,
1483 283 1620 336 ὥστε
1653 283 1744 336 οὐ·

68 367 180 423 κέτι
219 365 289 438 ἧν
327 368 474 442 αὐτῷ
516 369 694 438 δήπου
732 369 1085 439 ὑπερήμερος.

596 530 822 573 ΝΟΜΟΣ.
876 530 1212 572 ΜΑΡΤΤΡΙΑΙ.

2 655 45 689 '18
172 631 263 696 Ὡς
307 629 408 702 μὲν
453 634 644 686 τοίνυν
685 632 1003 701 ὡμολόγησε
1055 631 1145 686 καὶ
1184 633 1478 703 ἀνεβάλετό
1516 654 1608 702 μοι
1648 635 1747 702 τὴν

67 723 457 792 ὑπερημερίαν,
494 721 902 789 μεμαρτύρηται
935 721 1090 790 ὑμῖν·
1131 721 1203 783 ὡς
1236 718 1296 774 δὲ
1337 721 1748 791 ἐτριηράρχουν,

68 811 98 862 ὁ
122 810 550 878 συντριήραρχός
581 827 673 876 μοι
705 810 1100 878 μεμαρτύρηκε,
1132 807 1222 862 καὶ
1256 809 1327 871 ὡς
1357 809 1390 877 ἡ
1423 818 1557 872 ναῦς
1589 825 1745 877 στρα»
1767 825 1879 863 1163

65 895 218 966 τηγὶς
246 896 655 965 κατεσκευάσθη
684 893 1002 968 Ἀλκιμάχῳ.
1067 894 1191 950 ὥστ’
1234 897 1334 950 οὐκ
1365 894 1435 966 ἦν
1466 898 1611 968 αὐτῷ
1654 899 1748 964 δή·

65 1003 174 1039 που
211 984 549 1054 ὑπερήμερος
580 983 973 1057 ἀναβαλομένῳ
1006 1006 1120 1054 μοι,
1160 988 1242 1039 ἔτι
1278 982 1337 1038 δὲ
1375 985 1466 1039 καὶ
1506 985 1746 1038 ἐκτίνων.

66 1073 204 1127 ἀλλὰ
236 1074 388 1146 δεινὴ
420 1071 453 1140 ἡ
485 1072 771 1136 πλεονεξία
809 1081 908 1126 τοῦ
949 1076 1153 1143 τρόπου
1188 1070 1228 1125 ὦ
1263 1075 1460 1142 ἄνδρες
1500 1072 1749 1126 δικασταὶ

64 1159 189 1232 περὶ
226 1162 288 1214 τὸ
326 1159 494 1213 πλέον
532 1158 623 1213 καὶ
662 1162 723 1215 τὸ
765 1164 1004 1214 ἔλαττον.
1073 1160 1164 1214 καὶ
1204 1157 1266 1215 εὖ
1305 1160 1512 1232 ᾔδεσαν
1553 1162 1659 1229 ὅτι,
1700 1162 1751 1213 εἰ

64 1247 165 1319 μὲν
225 1250 325 1318 τὴν
386 1250 688 1316 ἄνθρωπον
749 1251 1208 1318 παραδώσουσιν,
1264 1249 1748 1319 ἐξελεγχθήσονται

63 1338 240 1405 ψευδῆ
282 1335 685 1405 ἐγκαλέσαντες,
724 1339 775 1389 εί
813 1334 873 1389 δὲ
908 1338 981 1406 μὴ
1014 1339 1440 1406 παραδώσουσιν
1479 1338 1548 1405 ἣν
1588 1337 1748 1406 ἐμαρ-

63 1427 307 1495 τύρησαν
338 1425 410 1487 ὡς
441 1421 601 1487 οὗτος
631 1427 797 1494 ἤθελε
830 1427 1221 1494 παραδιδόναι,
1257 1428 1749 1495 ψευδομαρτυριῶν

0 1538 42 1571 w
65 1513 385 1567 ἁλώσονται.
450 1512 641 1582 δεόμαι
676 1511 725 1565 δ’
764 1513 921 1582 ὑμῶν
962 1509 1003 1565 ὦ
1038 1515 1236 1582 ἄνδρες
1276 1516 1543 1582 δικασταί,
1583 1520 1638 1567 εἴ
1668 1535 1749 1576 τις

64 1603 169 1671 ἄρα
208 1610 316 1654 τῶν
348 1604 466 1654 τότε
500 1602 834 1664 δικαζόντων
866 1601 1122 1670 τυγχάνει
1165 1602 1242 1654 ὢν
1282 1601 1341 1654 ἐν
1380 1610 1453 1673 τῷ
1496 1603 1747 1670 δικαστη-

64 1694 196 1763 ρίῳ,
245 1699 358 1751 τοῖς
405 1689 589 1750 αὐτοῖς
634 1690 947 1757 χρήσασθαι
996 1690 1197 1757 ἤθεσιν
1249 1683 1439 1759 οἷσπερ
1479 1688 1569 1742 καὶ
1608 1692 1747 1755 τότε,

62 1778 152 1832 καὶ
206 1780 257 1831 εί
303 1765 414 1846 μὲνἃ
442 1776 476 1844 ἡ
516 1780 788 1844 μαρτυρία
833 1778 994 1845 πιστὴ
1047 1777 1181 1846 ὑμῖν
1232 1776 1419 1840 ἔδοξεν
1470 1774 1610 1830 εἶναι
1657 1776 1747 1830 καὶ

64 1867 169 1935 ἐγὼ
209 1866 437 1935 φεύγειν
475 1866 572 1917 τὸν
621 1867 844 1934 ἔλεγχον
895 1867 993 1918 τὸν
1036 1864 1093 1917 ἐκ
1132 1873 1225 1933 τῆς
1265 1864 1592 1933 ἀνθρώπου,
1641 1874 1747 1919 νῦν

63 1952 492 2024 ἐξελεγχομένων
538 1952 721 2005 αὐτῶν
771 1953 948 2020 ψευδῆ
1000 1957 1497 2023 μεμαρτυρηκότων
1543 1953 1632 2006 καὶ
1681 1954 1747 2007 οὐ

61 2043 482 2113 παραδιδόντων
513 2042 613 2109 τὴν
645 2041 948 2109 ἄνθρωπον
981 2044 1265 2109 βοηθῆσαί
1298 2062 1410 2110 μοι,
1451 2044 1500 2094 εί
1538 2040 1587 2094 δ’
1629 2040 1748 2110 ἐμοὶ

64 2131 371 2199 ὠργίσθητε
418 2129 503 2183 ὅτι
554 2130 902 2199 ἐνεχυράσων
941 2126 1123 2197 ἦλθον
1165 2128 1250 2183 ἐπὶ
1290 2131 1390 2198 τὴν
1429 2132 1609 2184 οἰκίαν
1648 2132 1748 2198 τὴν

62 2228 162 2272 τοῦ
203 2219 529 2287 Θεοφήμου,
582 2216 670 2270 καὶ
721 2218 935 2280 τούτοις
985 2226 1092 2271 νῦν
1145 2218 1476 2288 ὀργισθῆναι
1526 2218 1609 2270 ὅτι
1662 2217 1749 2270 ε’πὶ

0 2336 42 2368 30
65 2307 163 2375 τὴν
206 2305 342 2374 ἐμὴν
388 2302 584 2374 ἦλθον.
647 2303 738 2358 καὶ
786 2305 891 2373 ἐγὼ
933 2302 1033 2374 μὲν
1071 2304 1180 2359 ὑπὸ
1220 2309 1411 2374 νόμων
1450 2304 1539 2358 καὶ
1579 2315 1749 2375 ψηφι-

65 2395 284 2463 σμάτων
309 2393 764 2462 ἀναγκαζόμενος,
805 2396 1078 2461 πρόνοιαν
1112 2393 1453 2462 ἐποιησάμην
1485 2402 1584 2447 τοῦ
1615 2396 1746 2462 μήτε

64 2480 152 2536 ἐπὶ
203 2484 302 2536 τὸν
351 2481 553 2551 πατέρα
606 2483 704 2534 τὸν
754 2482 953 2533 τούτου
1004 2483 1279 2534 εἰσελθεῖν
1329 2484 1461 2549 μήτε
1512 2479 1600 2533 ἐπὶ
1646 2482 1747 2549 τὴν

63 2569 284 2640 μητέρα,
321 2572 452 2639 μήτε
491 2579 601 2623 τῶν
641 2577 738 2622 τοῦ
778 2567 1022 2636 ἀδελφοῦ
1056 2572 1245 2638 λαβεῖν
1283 2567 1474 2637 μηδέν,
1515 2566 1633 2622 ἀλλ’
1679 2566 1746 2622 οὗ

63 2658 226 2720 αὐτὸς
263 2655 392 2729 ᾤκει
431 2657 460 2711 ὁ
495 2659 805 2726 Θεόφημος·
844 2654 935 2708 καὶ
976 2654 1162 2724 ἐπειδὴ
1204 2656 1270 2709 οὐ
1309 2655 1610 2725 κατέλαβον
1650 2657 1745 2708 αὐ-

63 2747 159 2798 τὸν
191 2746 374 2813 ἔνδον,
405 2744 505 2814 οὐχ
538 2743 782 2813 ἁρπάσας
814 2729 1036 2814 ᾠχόμην
1069 2742 1253 2810 οὐδέν,
1287 2742 1423 2795 ἀλλὰ
1455 2748 1744 2811 μετελθεῖν

63 2831 318 2886 ἐκέλευσα
349 2833 536 2900 αὐτόν,
574 2830 663 2885 καὶ
687 2834 973 2901 παρόντος,
1013 2831 1113 2884 οὐκ
1138 2831 1386 2899 ἀπόντος,
1427 2833 1526 2900 τὴν
1560 2831 1743 2900 ἐνεχυ-

61 2924 260 2989 ρασίαν
285 2920 641 2990 ἐποιησάμην,
679 2918 767 2973 καὶ
794 2919 1199 2989 ἀφαιρούμενος
1223 2919 1423 2988 ἀφῆκα,
1462 2918 1552 2971 καὶ
1579 2918 1744 2986 ἀνῆλ-
