2035 3158
121 1081 163 1114 29

123 2140 165 2170 30

123 2845 163 2876 31

189 143 294 194 172
732 148 781 187 L.
830 143 1335 202 [ΔΗΜΟΣΘΕΝΟΤΣ]

187 276 378 344 αὐτοῦ,
422 273 514 329 καὶ·
552 278 626 346 μὴ
671 277 1051 330 διακινδύνευε
1087 275 1257 328 ἐκεῖσε
1289 274 1614 344 ἄγωνζ-ῑῖνα
1655 276 1865 329 λύσων-

184 365 278 417 ταί
304 383 396 432 μοι
428 365 489 417 τὸ
525 367 748 434 χωρίον,
787 364 1086 425 ἀποδόντες
1122 361 1382 436 Ἀρχένεῳ
1413 361 1504 417 καὶ
1530 366 1864 436 Θρασυλόχῳ

186 451 478 521 τριάκοντα
517 459 668 520 μνᾶς.
732 450 854 521 περὶ
896 449 946 504 δ’
992 450 1287 521 ἀποτριβῆς
1318 460 1428 503 τῶν
1467 459 1699 520 σκευῶν,
1735 452 1863 520 ἤθε-

187 545 285 593 λον
310 539 455 610 αὐτῷ
485 540 770 608 γράμματα
804 540 1057 609 γράφειν,
1096 537 1465 607 καὶέγγυηταὶ
1499 537 1655 593 αὐτοὶ
1687 543 1864 608 γίγνε-

187 632 321 680 σθαι
352 625 488 695 ὑπὲρ
525 627 676 695 ἐμοῦ,
715 624 748 696 ἦ
782 628 889 696 μὴν
923 630 1147 680 ἔσεσθαι
1179 627 1325 698 αὐτῷ
1360 627 1390 680 ὅ
1428 647 1479 679 τι
1519 626 1589 680 ἂν
1626 625 1717 680 καὶ
1755 635 1867 690 τοῖς

186 717 374 778 ἄλλοις
404 716 751 785 τριηράρχοις
775 716 910 785 πρὸς
942 717 1070 777 τοὺς
1099 715 1405 784 διαδόχους.
1455 715 1527 777 ὡς
1558 710 1661 768 οὖν
1691 715 1867 768 πάντα

186 800 335 857 ταῦτ’
375 802 556 871 ἀληθῆ
591 802 750 872 λέγω,
787 804 998 857 τούτων
1031 802 1164 872 ὑμῖν
1196 801 1569 870 ἀναγνώσεται
1600 802 1696 865 τὰς
1733 822 1867 872 μαρ-

188 894 388 962 τυρίας.

856 963 1195 1006 MAPTTPIAI.

291 1064 382 1121 Ἐκ
411 1072 633 1122 πολλῶν
663 1070 857 1121 τοίνυν
888 1070 1192 1137 τεκμηρίων
1225 1063 1374 1136 οἶμαι
1406 1066 1539 1136 ὑμῖν
1579 1065 1869 1131 ἐπιδείξειν

187 1154 511 1224 Πολυκλέα,
548 1155 630 1209 ὅτι
671 1157 797 1209 οὔτε
837 1155 1077 1209 αὐτόθεν
1118 1156 1383 1209 διενοεῖτο
1420 1155 1869 1225 παραλαμβάνειν

186 1240 313 1314 παρ’
359 1243 494 1313 ἐμοῦ
533 1244 633 1313 τὴν
673 1252 843 1313 ναῦν,
891 1241 1031 1313 οὔτ’,
1079 1242 1263 1312 ἐπειδὴ
1303 1240 1400 1313 ὑφ’
1445 1243 1603 1312 ὑμῶν
1641 1241 1731 1296 καὶ
1769 1250 1868 1296 τοῦ
1888 1259 1996 1300 1216

187 1336 533 1401 ψηφίσματος
586 1340 684 1385 τοῦ
739 1331 1006 1402 ὑμετέρου
1061 1332 1386 1402 ἠναγκάσθη
1442 1329 1529 1384 ἐπὶ
1578 1332 1678 1400 τὴν
1726 1339 1870 1385 ναῦν

187 1419 430 1490 ἀπιέναι,
479 1420 661 1473 ἐλθὼν
708 1418 950 1489 ἠθέλησέ
996 1440 1088 1489 μοι
1131 1419 1489 1484 διαδέξασθαι
1528 1419 1713 1487 αὐτήν.
1776 1415 1869 1474 οὗ-

185 1528 278 1570 τος
316 1509 421 1578 γὰρ
462 1508 647 1578 ἐπειδὴ
697 1508 919 1578 ἀφίκετο
967 1510 1044 1571 εἰς
1086 1508 1270 1562 Θάσον
1309 1502 1421 1577 ἤδη
1467 1528 1574 1577 μου
1612 1505 1869 1578 τέταρτον

186 1604 331 1666 μῆνα
356 1595 927 1667 ἐπιτριηραρχοῦντος,
956 1597 1290 1666 παραλαβὼν
1316 1595 1420 1664 ἐγὼ
1454 1597 1729 1666 μάρτυρας
1759 1606 1867 1649 τῶν

185 1704 243 1739 τε
281 1689 520 1739 πολιτῶν
571 1685 642 1748 ὡς
683 1684 961 1754 ἐδυνάμην
1000 1686 1285 1746 πλείστους
1323 1681 1413 1736 καὶ
1452 1685 1579 1746 τοὺς
1618 1683 1871 1753 ἐπιβάτας

186 1771 276 1826 καὶ
325 1774 426 1842 τὴν
477 1773 814 1842 ὑπηρεσίαν,
867 1771 1239 1843 προσέρχομαι
1293 1771 1439 1844 αὐτῷ
1492 1771 1552 1825 ἐν
1600 1772 1764 1845 Θάσῳ
1809 1772 1869 1826 ἐν
1934 1790 1947 1813 ··

187 1869 251 1931 τῇ
291 1860 492 1932 ἀγορᾷ,
539 1859 629 1913 καὶ
670 1859 922 1914 ἐκέλευον
971 1860 1138 1914 αὐτὸν
1176 1863 1276 1929 τήν
1315 1879 1373 1913 τε
1412 1867 1551 1913 ναῦν
1589 1865 1867 1931 παραλαμ-

187 1950 379 2018 βάνειν
426 1946 551 2019 παρ’
600 1948 734 2018 ἐμοῦ
782 1949 855 2011 ὡς
901 1949 1163 2018 διάδοχον
1212 1949 1370 2017 ὄντα,
1417 1946 1506 2000 καὶ
1552 1957 1651 2002 τοῦ
1699 1947 1868 2002 ἐπιτε-

188 2035 660 2108 τριηραρχημένου
714 2039 920 2106 χρόνου
976 2036 1303 2089 ἀποδιδόναι
1354 2057 1447 2105 μοι
1497 2034 1868 2106 τάναλώματα.

190 2128 520 2193 λογίσασθαι
575 2122 624 2177 δ’
685 2126 894 2193 ἤθελον
934 2125 1078 2195 αὐτῷ
1134 2122 1261 2177 καθ’
1316 2123 1574 2193 ἕκαστον,
1628 2124 1728 2187 ἕως
1776 2146 1869 2194 μοι

187 2212 457 2283 μάρτυρες
493 2220 746 2283 παρῆσαν
791 2222 902 2266 τῶν
953 2211 1322 2281 ἀνηλωμένων
1361 2213 1418 2266 οἵ
1451 2231 1508 2265 τε
1546 2220 1742 2266 ναῦται
1779 2213 1868 2267 καὶ

188 2301 247 2356 οἱ
281 2300 530 2370 ἐπιβάται
569 2298 659 2353 καὶ
697 2300 730 2369 ἡ
770 2300 1058 2371 ὑπηρεσία,
1097 2298 1170 2354 ἵν’
1217 2305 1273 2354 εἴ
1303 2321 1355 2353 τι
1387 2298 1660 2369 ἀντιλέγοι
1700 2300 1871 2365 εὐθὺς

188 2388 536 2459 ἐξελέγχοιμι.
599 2388 741 2441 οὕτω
790 2388 893 2457 γάρ
941 2409 1032 2458 μοι
1080 2387 1318 2459 ἀκριβῶς
1364 2386 1687 2457 ἐγέγραπτο,
1737 2386 1863 2442 ὥστ’

188 2478 256 2531 οὐ
296 2480 469 2546 μόνον
517 2476 652 2529 αὐτά
699 2495 791 2545 μοι
839 2475 1197 2545 τάναλώματα
1237 2475 1564 2545 ἐγέγραπτο,
1602 2475 1740 2529 ἀλλὰ
1778 2475 1869 2531 καὶ

187 2566 313 2619 ὅποι
360 2564 623 2633 ἀνηλώθη
670 2562 761 2617 καὶ
806 2566 864 2617 τί
905 2566 1244 2633 ποιούντων,
1293 2563 1383 2618 καὶ
1422 2564 1454 2632 ἡ
1502 2565 1628 2633 τιμὴ
1674 2567 1754 2628 τίς
1797 2561 1868 2634 ἦν

186 2652 276 2707 καὶ
315 2656 556 2723 νόμισμα
594 2653 866 2721 ποδαπόν,
903 2651 994 2706 καὶ
1034 2653 1241 2706 ὁπόσου
1273 2652 1306 2721 ἡ
1339 2653 1646 2720 καταλλαγὴ
1685 2647 1754 2720 ἦν
1792 2659 1867 2725 τῷ

187 2741 455 2814 ἀργυρίῳ,
494 2738 566 2794 ἵν’
605 2746 688 2808 εἴη
721 2739 957 2810 ἀκριβῶς
997 2739 1266 2809 ἐξελέγξαι
1306 2760 1370 2810 με
1410 2748 1482 2812 τῷ
1524 2741 1784 2813 διαδόχῳ,
1821 2746 1877 2794 εἴ

188 2850 239 2883 τι
276 2830 465 2899 ἡγοῖτο
504 2831 709 2894 ψεῦδος
756 2829 900 2900 αὑτῷ
950 2831 1279 2898 λογίζεσθαι.
1343 2830 1420 2882 ἔτι
1460 2824 1520 2881 δὲ
1557 2826 1648 2881 καὶ
1685 2830 1870 2882 πίστιν

189 2917 334 2988 αὐτῷ
368 2915 578 2980 ἐπιθεὶς
607 2915 853 2986 ἠθέλησα
886 2919 1215 2986 λογίσασθαι
1246 2917 1311 2969 τὰ
1344 2914 1681 2986 ἀνηλωμένα.
1737 2934 1869 2985 προ-
