2035 3158
683 156 847 197 ΠΡΟΣ
881 156 1248 196 KAAAIKABA.
1698 151 1807 203 223

126 285 247 356 περὶ
288 284 495 341 τούτων
527 288 557 342 ὁ
591 290 751 356 λόγος
791 287 951 340 ἐστίν.
1013 288 1065 340 εἰ
1101 287 1204 357 γὰρ
1245 288 1312 355 δὴ
1354 284 1811 355 ὁμολογουμένως

128 378 204 428 ἔτι
250 377 460 429 τούτων
508 373 594 428 καὶ
644 373 1058 444 ἀχρηστοτέροις
1104 372 1194 427 καὶ
1239 372 1626 442 πονηροτέροις
1673 372 1808 441 ἡμῖν

127 459 267 515 εἶναι
308 462 651 531 συνέβαινεν,
691 463 758 517 οὐ
789 462 1093 532 τυπτητέοι,
1133 459 1252 516 οὐδ’
1291 461 1568 530 ὑβριστέοι
1601 462 1809 530 δήπου-

129 553 230 603 θέν
270 549 446 618 ἐσμεν.
767 547 771 551 ’

240 638 355 692 Οὐκ
403 635 505 692 οἶδ’
554 638 583 690 ὅ
631 658 680 690 τι
708 639 817 690 *δεῖ
857 641 1025 691 πλείω
1073 636 1273 707 λέγειν·
1316 634 1466 707 οἶμαι
1512 638 1617 708 γὰρ
1666 637 1810 706 ὑμᾶς

128 723 293 780 οὐδὲν
333 724 554 795 ἀγνοεῖν
593 735 704 779 τῶν
743 724 1060 795 εἰρημένων.

914 991 1024 1046 LV.

238 1106 474 1168 ΠΡΟΣ
518 1106 1059 1168 ΚΑΛΛΙΚΛΕΑ
1106 1111 1315 1170 ΠΕΡΙ
1359 1107 1686 1170 ΧΩΡΙΟΤ

779 1207 1154 1270 ΒΑΑΒΗΣ.

799 1357 1132 1400 ΤΠΟΘΕΣΙΣ.

237 1451 527 1516 Καλλικλῆς,
565 1449 686 1517 πρὸς
725 1447 783 1500 ὃν
823 1447 848 1499 ὁ
887 1448 1053 1515 λόγος,
1092 1449 1174 1499 καὶ
1206 1448 1232 1500 ὁ
1262 1449 1353 1515 τὴν
1392 1450 1536 1515 δίκην
1569 1443 1654 1500 ὑπ’
1689 1449 1813 1500 ε’κεί-

127 1547 220 1579 νου
258 1529 554 1595 διωκόμενος
591 1531 800 1597 γείτονες
834 1524 960 1594 ἦσαν
998 1528 1051 1579 ἐν
1090 1532 1265 1602 χωρίῳ,
1306 1530 1403 1601 ὁδῷ
1444 1530 1564 1602 μέσῃ
1604 1531 1811 1599 διειργό-

128 1629 280 1674 μενοι.
341 1611 641 1678 δυσομβρίας
681 1609 732 1661 δὲ
773 1611 1045 1676 συμβάσης,
1084 1612 1153 1673 εἰς
1185 1612 1235 1663 τὸ
1269 1612 1593 1674 Καλλικλέους
1631 1614 1813 1679 χωρίον

127 1692 262 1757 ὕδωρ
300 1690 508 1757 ἐμπεσὸν
546 1691 598 1741 ἐκ
637 1701 721 1757 τῆς
754 1691 870 1742 ὁδοῦ
903 1693 1275 1757 κατελυμήνατο.
1337 1693 1415 1743 ἐπὶ
1452 1695 1604 1764 τούτῳ
1646 1695 1809 1744 διώκει

128 1772 314 1838 βλάβης
353 1772 438 1823 τὸν
476 1773 685 1839 γείτονα·
734 1767 858 1822 εἶναι
897 1773 988 1839 γάρ
1028 1789 1183 1838 φησιν
1221 1773 1274 1824 ἐν
1313 1779 1377 1845 τῷ
1422 1776 1612 1824 Τεισίου
1651 1776 1813 1845 χωρίῳ

127 1853 374 1920 χαράδραν
411 1853 481 1914 εἰς
519 1853 770 1919 ὑποδοχὴν
816 1861 901 1903 τοῦ
948 1853 1126 1915 ὕδατος
1166 1864 1252 1905 τοῦ
1292 1854 1344 1905 ἔκ
1383 1864 1468 1921 τῆς
1509 1853 1627 1905 ὁδοῦ
1665 1873 1808 1920 ποιη-

129 1938 319 1998 θεῖσαν,
357 1932 422 1999 ἢν
460 1933 945 1999 ἆποικοδομηθεῖσαν
984 1943 1077 1985 νῦν
1117 1936 1275 1986 αἰτίαν
1315 1936 1468 2006 ἑαυτῷ
1508 1937 1696 2002 βλάβης
1733 1955 1811 2003 γε-

131 2013 317 2064 νέσθαι.
387 2013 412 2066 ὁ
459 2013 512 2065 δὲ
556 2023 643 2066 τοῦ
693 2015 885 2065 Τεισίου
939 2021 1056 2076 παῖς
1101 2026 1294 2081 πρῶτον
1342 2016 1430 2083 μὲν
1475 2017 1684 2068 παλαιὸν
1728 2017 1812 2068 καὶ

129 2095 188 2145 οὐ
228 2090 294 2145 δι’
321 2094 513 2146 ἵνἑαυτοῦ
552 2096 604 2147 τὸ
652 2096 794 2162 ἔργον
841 2097 1075 2146 δείκνυσι·
1125 2101 1302 2159 ζῶντος
1346 2098 1437 2166 γὰρ
1484 2099 1550 2149 ἔτι
1595 2098 1679 2149 καὶ
1723 2107 1811 2149 τοῦ

127 2175 455 2237 Καλλικλέους
500 2177 681 2244 πατρὸς
725 2175 1192 2242 ἀποικοδομηθῆναι
1239 2179 1329 2243 τὴν
1367 2181 1616 2246 χαράδραν
1655 2179 1814 2244 φησὶν

130 2255 225 2306 ὑπὸ
263 2265 349 2307 τοῦ
393 2258 604 2307 Τεισίου·
651 2258 811 2308 ἔπειτα
858 2259 1142 2322 συνίστησιν
1188 2257 1254 2319 ὥς
1301 2258 1415 2310 οὐδὲ
1461 2261 1678 2327 χαράδρα
1723 2280 1810 2326 τις,

129 2335 248 2387 ἀλλὰ
272 2338 449 2403 χωρίον
485 2337 595 2388 ἔστί.
636 2339 853 2404 διασύρει
882 2336 934 2387 δὲ
961 2339 1042 2388 καὶ
1069 2339 1158 2403 τὴν
1187 2344 1443 2406 συμβᾶσαν
1471 2347 1537 2412 τῷ
1554 2345 1819 2392 Καλλικλεῖ

128 2418 319 2484 βλάβην
359 2416 424 2479 ὡς
465 2419 642 2486 μικρὰν
679 2418 761 2468 καὶ
799 2418 888 2468 οὐκ
929 2417 1070 2479 ἀξίαν
1110 2423 1399 2486 τηλικαύτης
1439 2424 1598 2488 δίκης,
1636 2423 1719 2473 καὶ
1756 2423 1812 2474 τὸ

130 2497 244 2548 ὅλον
282 2495 552 2564 ἠδικῆσθαι
600 2496 688 2564 μὲν
735 2496 882 2548 οὐδέν
927 2515 1050 2564 φησι
1096 2501 1180 2552 τὸν
1219 2502 1504 2569 Καλλικλέα,
1544 2503 1811 2569 έπνθυμεΐν

129 2576 181 2628 δὲ
218 2586 316 2628 τῶν
353 2580 542 2646 χωρίων
582 2587 678 2629 τῶν
715 2578 891 2629 ἑαυτοῦ
921 2578 1003 2629 καὶ
1043 2579 1123 2630 διὰ
1168 2590 1304 2632 τοῦτο
1345 2584 1677 2649 συκοφαντίας
1716 2606 1808 2651 μη-

128 2665 372 2724 χανᾶσθαι
410 2660 583 2721 πάσας.

242 2832 357 2886 Οὐκ
387 2829 457 2902 ἦν
489 2830 574 2903 ἄρ’
606 2829 647 2886 ὦ
674 2835 870 2904 ἄνδρες
897 2833 1179 2905 Ἀθηναῖοι
1212 2838 1591 2908 χαλεπώτερον
1623 2838 1808 2909 οὐδέν,
1827 2858 1942 2898 1272

115 2919 158 2938 ’Ἃ

125 2940 160 2988 η
199 2923 442 2988 γείτονος
480 2931 726 2992 πονηροῦ
766 2921 854 2975 καὶ
893 2923 1222 2979 πλεονέκτου
1263 2935 1473 2997 τυχεῖν,
1514 2927 1645 2994 ὅπερ
1687 2927 1807 2997 ἐμοὶ
