2035 3158
219 157 326 210 130
678 157 882 199 xnvm.
923 154 1429 214 [ΔΗΜΟΣΘΕΝΟΊῈ]

214 287 464 344 δικασταὶ
505 289 769 351 συνειδὼς
800 288 884 341 ὅτι
924 287 1182 351 ἐψεύδετο
1221 286 1312 341 καὶ
1350 286 1734 359 ἀναισχυντεῖν
1773 287 1891 342 ἐπε-

216 379 407 446 χείρει,
454 373 543 428 καὶ
590 376 672 428 ὅτι
712 373 896 438 οὐδεὶς
933 371 1004 443 ἦν
1043 376 1207 437 ἄλλος
1243 381 1318 446 τῷ
1359 377 1584 444 Κόμωνι
1622 373 1769 443 γένει
1806 373 1892 443 ἐγ-

213 460 422 533 γυτέρω
463 461 625 533 ἐμοῦ,
663 463 724 516 τὸ
758 459 859 531 μὲν
896 471 1114 531 πρῶτον
1155 463 1228 525 ὡς
1266 456 1387 516 οἷόν
1426 482 1481 516 τε
1520 462 1750 531 μάλιστα
1789 462 1893 531 ὠρ·

213 553 418 620 γίσθην
449 547 538 604 καὶ
571 549 918 618 ἠγανάκτησα
951 548 1037 602 ἐπὶ
1076 557 1139 619 τῇ
1172 549 1531 621 ἀναισχυντίᾳ
1567 558 1667 604 τοῦ
1705 552 1894 618 λόγου,

213 641 394 692 ἔπειτα
441 636 490 691 δ’
537 637 867 707 ἐλογισάμην
905 639 1040 706 πρὸς
1087 636 1322 706 ἐμαυτὸν
1360 637 1445 691 ὅτι
1483 637 1583 691 οὐκ
1621 636 1891 709 ἐν’καιρῷ
1908 641 1959 680 11

212 725 560 796 ὀργιζοίμην,
612 724 703 778 καὶ
756 726 930 798 τούτῳ
982 724 1388 795 ἀπεκρινάμην,
1441 725 1524 779 ὅτι
1571 724 1633 778 ἐν
1677 722 1780 794 μὲν
1816 731 1891 797 τῷ

211 816 440 882 παρόντι
472 815 733 882 προσήκει
764 812 999 865 θάπτειν
1030 814 1127 866 τὸν
1157 814 1572 881 τετελευτηκότα
1604 810 1693 865 καὶ
1724 813 1892 865 τᾶλλα

211 912 390 955 ποιεῖν
421 902 485 954 τὰ
517 903 864 969 νομιζόμενα,
905 899 1128 954 ἐπειδὰν
1161 896 1220 953 δὲ
1252 901 1462 953 τούτων
1494 899 1749 953 ἁπάντων
1780 899 1893 953 ε’πι-

171 1005 188 1037 7
213 994 561 1058 μεληθῶμεν,
600 986 722 1041 τόθ’
768 988 900 1057 ἡμῖν
939 987 1124 1051 αὐτοῖς
1164 987 1542 1057 δι“λεξόμεθα.
1604 986 1694 1041 καὶ
1734 983 1910 1051 οὗτος·

213 1074 254 1131 ὦ
294 1077 493 1146 ἄνδρες
543 1074 791 1129 δικασταὶ
841 1077 1303 1144 προσωμολόγησε
1358 1084 1526 1130 ταῦτα
1578 1073 1669 1129 καὶ
1718 1079 1894 1138 καλῶς

212 1161 267 1233 μ’
306 1168 407 1234 ἔφη
442 1162 635 1233 λέγειν.
699 1162 885 1232 ἐπειδὴ
919 1161 968 1216 δ’
1007 1162 1395 1232 ἀπηλλάγημεν
1434 1161 1523 1216 καὶ
1563 1162 1892 1232 ἐποιήσαμεν

213 1252 423 1305 ἅπαντα
474 1253 538 1304 τὰ
586 1254 938 1320 νομιζόμενα,
989 1248 1117 1303 καθ’
1162 1250 1396 1320 ἡσυχίαν
1444 1251 1550 1319 ἤδη
1589 1249 1893 1317 παρακαλέ-
1933 1308 1944 1316 ,

214 1354 404 1402 σαντες
434 1341 561 1401 τοὺς
593 1341 826 1400 οἰκείους
859 1338 1098 1399 ἅπαντας
1137 1338 1498 1406 διελεγόμεθα
1536 1336 1668 1406 ἡμῖν
1706 1337 1893 1401 αὐτοῖς

211 1425 335 1496 περὶ
375 1421 452 1480 ὧν
492 1422 652 1488 οὗτος
691 1425 846 1494 ἠξίου
888 1423 1060 1496 ἑαυτῷ
1102 1421 1258 1478 εἶναι.
1322 1424 1425 1477 ὅσα
1455 1421 1557 1493 μὲν
1588 1421 1691 1479 οὖν
1723 1422 1766 1479 ὦ
1797 1426 1891 1478 ἄν·

214 1516 338 1583 δρες
392 1512 640 1567 δικασταὶ
694 1512 846 1583 ἡμεῖς
898 1515 1033 1582 πρὸς
1082 1512 1221 1581 ἡμᾶς
1273 1512 1473 1575 αὐτοὺς
1523 1512 1892 1582 διηνέχθημεν

211 1601 335 1671 περὶ
368 1604 577 1656 τούτων
611 1603 1011 1670 διαλεγόμενοι,
1049 1603 1106 1653 τί
1140 1600 1209 1653 ἂν
1249 1600 1356 1668 ἐγὼ
1394 1607 1563 1654 ταῦτα
1603 1601 1891 1670 διηγούμε-

211 1711 308 1754 νος
346 1690 378 1759 ἢ
417 1691 550 1759 ὑμῖν
580 1691 867 1759 πράγματα
898 1687 1187 1758 παρέχοιμι
1223 1687 1494 1761 ἣέμαυτῷ
1531 1687 1890 1758 [ἐνοχλοιήν];

168 1798 189 1831 ε
213 1780 273 1832 τὸ
329 1776 389 1832 δὲ
443 1778 595 1841 τέλος
641 1778 669 1831 ὃ
718 1776 962 1846 ἐγένετο,
1016 1775 1174 1831 τοῦθ’
1234 1777 1374 1847 ὑμᾶς
1426 1776 1733 1846 ἀναγκαίως
1781 1778 1891 1848 ἔχει

213 1866 457 1920 ἀκοῦσαι.
535 1866 697 1929 αὐτὸς
750 1866 853 1934 γὰρ
910 1865 1014 1933 ἐγὼ
1072 1864 1295 1918 ἐδίκασα
1350 1866 1525 1939 τούτῳ
1580 1862 1671 1918 καὶ
1732 1862 1892 1928 οὗτος

213 1954 362 2024 ε’μοί,
415 1956 478 2008 τὰ
531 1954 725 2023 ἡμίσεα
780 1951 1035 2023 ἑκάτερον
1081 1952 1235 2022 ἡμῶν
1282 1956 1471 2022 λαβεῖν
1519 1947 1597 2006 ὧν
1642 1951 1889 2006 κατέλιπε

214 2046 448 2112 Κόμων,
501 2041 589 2096 καὶ
644 2043 915 2111 μηδεμίαν
965 2040 1163 2110 ἀηδίαν
1218 2037 1358 2094 εἶναι
1409 2038 1723 2110 περαιτέρω.
1798 2038 1889 2094 καὶ

211 2134 543 2202 προειλόμην
575 2126 617 2183 ὦ
650 2132 848 2200 ἄνδρες
880 2128 1129 2183 δικασταὶ
1168 2127 1307 2182 ἑκὼν
1345 2130 1676 2199 μεταδοῦναι
1715 2130 1890 2202 τούτῳ

212 2224 441 2289 μᾶλλον,
479 2219 511 2288 ἢ
544 2221 620 2282 εἰς
652 2220 1004 2288 δικαστήριον
1034 2218 1222 2271 εἰσιὼν
1253 2217 1602 2271 κινδυνεύειν
1638 2220 1774 2287 πρὸς
1812 2219 1890 2270 οἰ·

211 2317 361 2362 κεῖον
401 2310 532 2361 ὄντα
571 2315 794 2375 ταῦτον,
844 2305 933 2359 καὶ
973 2307 1145 2359 εἰπεῖν
1188 2326 1236 2358 τι
1276 2303 1439 2375 ἀηδὲς
1477 2304 1719 2375 ἀδελφὸν
1759 2307 1889 2359 ὄντα

211 2405 304 2465 τῆς
350 2395 477 2465 ε’μῆς
521 2398 780 2464 γυναικὸς
825 2392 915 2447 καὶ
961 2399 1120 2447 θεῖον
1169 2403 1279 2446 τῶν
1321 2394 1464 2463 ἐμῶν
1504 2394 1744 2461 παίδων,
1799 2392 1888 2446 καὶ

166 2507 185 2538 9
212 2485 317 2538 ὑπὸ
357 2485 553 2537 τούτου
593 2482 828 2536 ἀκοῦσαί
859 2502 910 2535 τι
944 2481 1334 2550 ἀνεπιτήδειον.
1398 2491 1564 2536 ταῦτα
1601 2479 1756 2534 πάντ’
1803 2480 1887 2534 ἐν·

210 2573 562 2640 θυμούμενος
595 2567 927 2641 συνεχώρηο)
961 2570 1122 2641 αὐτῷ.
1186 2568 1275 2622 καὶ
1307 2571 1438 2639 μετὰ
1472 2577 1637 2622 ταῦτα
1678 2571 1888 2637 συνθή-

209 2681 305 2722 κας
344 2659 655 2728 ἐγράψαμεν
701 2660 837 2727 πρὸς
884 2658 1022 2727 ἡμᾶς
1067 2657 1266 2720 αὐτοὺς
1303 2656 1425 2723 περὶ
1466 2656 1746 2724 ἁπάντων,
1796 2654 1886 2710 καὶ

210 2748 406 2816 ὅρκους
431 2749 689 2817 ἰσχυροὺς
715 2747 1000 2815 ὠμόσαμεν
1026 2745 1298 2814 ἀλλήλοις,
1330 2742 1362 2813 ἦ
1395 2746 1504 2814 μὴν
1534 2744 1599 2798 τά
1629 2763 1686 2797 τε
1716 2744 1887 2814 ὑπάρ·
2001 2807 2005 2813 ,

208 2856 373 2906 χοντα
423 2835 634 2904 φανερὰ
685 2836 815 2888 ὄντα
862 2838 1037 2895 καλῶς
1082 2831 1171 2886 καὶ
1223 2833 1444 2896 δικαίως
1483 2834 1886 2903 διαιρήσεσθαι,

208 2921 294 2976 καὶ
343 2920 469 2992 μηδ’
516 2923 702 2977 ὁτιοῦν
748 2924 1162 2989 πλεονεκτήσειν
1200 2922 1296 2976 τὸν
1335 2920 1521 2985 ἕτερον
1560 2927 1658 2974 τοῦ
1698 2918 1886 2985 ἑτέρου
