2035 3158
414 181 575 222 RATA
605 179 817 222 ETEPP.
849 180 953 221 ΚΑΙ
984 181 1232 224 ΜΝΗΣῙΒ.
1262 180 1447 222 ΨΕΤΔ.
1672 177 1774 229 115

23 337 68 368 42
90 314 336 366 κάσαντα
383 313 724 383 εἰσπράττειν
770 312 836 365 τά
884 313 1070 381 σκεύη,
1110 310 1357 366 ἐκέλευεν
1405 309 1775 380 εἰσαγγέλλειν

90 420 183 470 με,
231 399 322 454 καὶ
367 403 497 464 τοὺς
540 401 832 471 πρυτάνεις
878 399 1221 469 προγράφειν
1267 399 1413 471 αὐτῷ
1453 401 1554 468 τὴν
1591 402 1775 469 κρίσιν

40 499 43 501 ’
91 488 178 542 ἐπὶ
232 489 335 542 δύο
388 487 590 558 ἡμέρας
644 488 716 550 ὡς
771 488 1055 541 ἀδικοῦντι
1112 485 1203 539 καὶ
1267 489 1629 540 διακωλύοντι
1678 488 1775 540 τὸν
1793 498 1905 539 1162

91 577 417 645 ἀπόστολον,
457 578 598 630 διότι
637 577 702 629 τὰ
743 577 908 644 σκεύη
960 575 1060 628 οὐκ
1107 570 1374 629 ἀπεδίδου
1422 574 1511 628 καὶ
1558 575 1622 628 τὰ
1662 572 1775 628 ε’νέ-

89 685 230 734 χυρα
267 665 519 735 ἀφείλετο
559 662 650 717 καὶ
690 661 782 733 ε’μέ
824 663 1093 728 συνέκοψε
1126 665 1224 718 τὸν
1255 651 1660 734 εἰσπράττοντα’
1684 660 1775 715 καὶ

92 755 466 824 ὑπηρετοῦντα
506 761 569 822 τῇ
608 755 778 806 πόλει.
848 751 1146 822 γενομένης
1184 756 1377 805 τοίνυν
1415 761 1509 821 τῆς
1547 754 1776 821 κρίσεως

88 849 162 913 τῷ
205 843 477 914 Θεοφήμῳ
530 840 589 894 ἐν
639 849 702 910 τῇ
754 844 927 910 βουλῇ
979 841 1112 893 κατὰ
1163 841 1262 910 τὴν
1313 842 1660 909 εἰσαγγελίαν
1704 838 1774 907 ἣν

90 930 195 998 ἐγὼ
234 931 564 998 εἰσήγγειλα,
611 928 701 981 καὶ
741 928 1115 992 ἀποδοθέντος
1161 931 1331 998 λόγου
1380 927 1638 1000 ἑκατέρῳ,
1683 925 1774 980 καὶ

88 1018 338 1087 κρύβδην
378 1016 870 1086 διαψηφισαμένων
908 1027 1018 1070 τῶν
1056 1020 1392 1086 βουλευτῶν,
1432 1015 1573 1070 ἑάλω
1607 1015 1667 1069 ἐν
1699 1022 1772 1088 τῷ

26 1130 67 1161 43
91 1109 465 1178 βουλευτηριςο
519 1104 611 1158 καὶ
666 1105 853 1169 ἔδοξεν
908 1105 1136 1158 ἀδικειν.
1213 1103 1303 1158 καὶ
1359 1105 1544 1173 ἐπειδὴ
1594 1103 1654 1157 ἐν
1700 1110 1773 1174 τῷ

90 1196 518 1265 διαχειροτονεῖν
555 1189 626 1261 ἦν
665 1193 698 1262 ἡ
738 1196 940 1263 βουλή,
986 1196 1188 1263 πότερα
1235 1195 1564 1265 δικαστηρίῳ
1603 1211 1774 1261 παρα·

90 1283 213 1351 δοίη
262 1282 296 1352 ἢ
344 1283 625 1352 ζημιώσειε
671 1292 788 1345 ταῖς
833 1285 1240 1352 πεντακοσίαις,
1300 1281 1436 1335 ὅσου
1488 1276 1558 1348 ἦν
1612 1283 1775 1346 κυρία

88 1372 223 1424 κατὰ
254 1372 351 1425 τὸν
381 1373 576 1440 νόμον,
609 1369 889 1439 δεομένων
919 1372 1131 1424 τούτων
1164 1370 1420 1423 ἁπάντων
1452 1367 1542 1423 καὶ
1575 1370 1775 1422 ικετευ-

90 1462 268 1513 όντων
306 1457 398 1512 καὶ
437 1463 561 1512 τίνα
600 1459 667 1513 οὐ
699 1461 1191 1528 προσπεμπόντων,
1230 1457 1319 1511 καὶ
1359 1460 1420 1512 τὸ
1461 1458 1774 1527 διάγραμμα

88 1555 198 1601 τῶν
253 1557 465 1601 σκευῶν
521 1546 903 1601 ἀποδιδόντων
963 1546 1135 1609 εὐθὺς
1190 1546 1250 1600 ἐν
1304 1567 1367 1617 τη
1422 1550 1623 1616 βουλῇ,
1684 1544 1774 1599 καὶ

88 1633 212 1705 περὶ
242 1645 352 1689 τῶν
382 1640 607 1706 πληγῶν
639 1639 967 1705 φασκόντων
999 1634 1311 1706 ἐπιτρέψειν
1350 1629 1392 1707 ᾧ
1434 1635 1503 1688 ἂν
1533 1637 1772 1688 κελεύσω

83 1722 416 1801 Ἀθηναίων,
456 1725 810 1794 συνεχώρησα
858 1724 993 1777 ὥστε
1041 1731 1114 1776 τῶ
1159 1726 1431 1796 Θεοφήμω
1479 1722 1637 1776 πέντε
1682 1721 1774 1775 καὶ

26 1835 64 1865 14
90 1818 262 1866 εἴκοσι
311 1813 571 1882 δραχμῶν
616 1818 1076 1882 προστιμηθῆναι.
1146 1811 1247 1865 καὶ
1274 1821 1442 1866 ταῦτα
1481 1812 1554 1875 ὡς
1591 1811 1774 1881 ἀληθῆ

89 1899 256 1969 λέγω,
302 1901 461 1971 ὑμῶν
497 1919 554 1953 τε
595 1898 787 1969 δέομαι
827 1900 947 1954 ὅσοι
988 1900 1288 1969 ἐβούλευον
1329 1897 1410 1953 ἐπ’
1449 1897 1775 1968 Ἀγαθοκλέ-

88 2009 187 2052 ους
224 1990 489 2060 ἄρχοντος
526 1988 753 2058 φράζειν
791 1998 906 2051 τοῖς
943 1987 1443 2059 παρακαθημένοις,
1482 1987 1572 2041 καὶ
1610 1987 1776 2051 ὅσους

2 2130 30 2134 γ,
90 2077 380 2147 ἠδυνάμην
420 2075 526 2146 ἐγὼ
567 2075 811 2147 ἐξευρεῖν
857 2086 967 2130 τῶν
1013 2079 1134 2131 τότε
1181 2079 1594 2145 βουλευόντων,
1640 2076 1775 2146 μάρ-

88 2185 255 2237 τυρας
291 2165 426 2236 ὑμῖν
464 2163 780 2235 παρέξομαι.

759 2327 1101 2370 ΜΑΡΤΤΡΙΑΙ.

194 2428 332 2499 Ἐγὼ
379 2427 481 2500 μὲν
526 2434 719 2484 τοίνυν
767 2430 941 2493 οὕτως
986 2427 1029 2484 ὦ
1078 2431 1275 2501 ἄνδρες
1322 2428 1573 2484 δικασταὶ
1611 2430 1773 2484 ἐπιει-

21 2513 28 2519 ’
90 2519 188 2588 κὴς
240 2519 507 2588 ἐγενόμην
560 2520 696 2588 πρὸς
748 2519 992 2581 τούτους.
1068 2521 1244 2572 καίτοι
1297 2521 1360 2572 τό
1413 2537 1474 2586 γε
1519 2519 1776 2588 ψήφισμα

92 2607 364 2675 δημοσίαν
402 2607 502 2676 τὴν
542 2607 738 2660 οὐσίαν
780 2604 1029 2659 ἐκέλευεν
1067 2603 1241 2675 εἶναι,
1288 2605 1356 2659 οὐ
1395 2607 1570 2674 μόνον
1609 2606 1669 2669 ὃς
1706 2606 1776 2660 ἂν

91 2697 230 2765 ἔχων
280 2696 446 2765 σκεύη
497 2696 570 2765 μὴ
621 2694 866 2766 ἀποδιδῷ
920 2702 982 2764 τῇ
1033 2697 1220 2763 πόλει,
1271 2693 1408 2746 ἀλλὰ
1457 2692 1547 2747 καὶ
1598 2694 1658 2757 ὃς
1706 2694 1775 2748 ἂν

11 2826 19 2836 .
92 2785 207 2854 ἰδίᾳ
258 2784 591 2853 κτησάμενος
645 2785 718 2853 μὴ
772 2787 947 2853 πωλῇ·
1002 2783 1228 2853 τοιαύτη
1282 2783 1386 2852 γὰρ
1443 2783 1520 2852 [ἡ]
1574 2781 1776 2852 ἀπορία

92 2866 231 2924 οὖσα
283 2870 571 2942 συνέβαινε
627 2874 745 2925 τότε
798 2869 859 2924 ἐν
912 2878 976 2941 τῇ
1030 2873 1186 2924 πόλει
1238 2881 1467 2924 σκευῶν.
1543 2874 1640 2923 καί
1681 2890 1776 2939 μοι

91 2958 377 3027 ἀνάγνωθι
416 2961 475 3012 τὸ
516 2961 783 3029 ψήφισμα.

1447 3050 1507 3088 853
