2035 3158
728 161 892 203 ,ΠΡΟΣ
923 161 1279 203 HOATKAEA.
1743 159 1846 212 173

168 293 514 363 καλουμένου
561 291 627 347 δέ
656 311 774 363 ’μου
819 301 1015 362 ταῦτα,
1061 293 1389 364 ἀπεκρίνατό
1428 314 1522 364 μοι
1562 295 1644 348 ὅτι
1683 291 1851 349 οὐδὲν

170 378 316 454 αὐτῷ
356 379 512 450 μέλοι
560 376 638 435 ὧν
677 379 905 450 λέγοιμι.
966 380 1027 435 ἐν
1066 379 1126 435 δὲ
1173 383 1349 456 τούτῳ
1396 383 1664 451 ὑπηρέτης
1701 384 1850 452 ἥκων

169 470 314 540 παρὰ
346 477 452 523 Γἰὀῦ
491 477 797 540 στρατηγοῦ
835 467 957 539 ἐμοὶ
995 472 1373 539 παρήγγελλεν
1412 470 1743 539 ἀνάγεσθαι,
1782 469 1850 524 οὐ

171 558 343 632 τούτῳ
373 565 447 629 τῷ
482 559 741 631 διαδόχῳ,
780 547 848 611 οὗ
879 556 912 626 ἡ
946 561 1244 628 λῃτουργία
1275 560 1380 628 ἤδη
1421 558 1687 628 ἐγίγνετο·
1727 559 1851 612 τού-

166 665 267 699 του
306 641 367 699 δὲ
412 647 474 699 τὸ
522 651 700 699 αἴτιον
747 645 853 714 ἐγὼ
899 645 1040 715 ὑμᾶς
1086 649 1378 716 προιόντος
1424 655 1522 702 τοῦ
1561 649 1731 715 λόγου
1770 646 1849 700 δι-

170 732 330 798 δάξω.
390 735 510 787 τότε
556 753 659 802 μεν
705 729 809 786 οὖν
855 753 949 803 μοι
995 732 1173 787 ἐδόκει
1222 733 1527 818 ἀνάγεσθαι
1565 732 1655 787 καὶ
1694 738 1850 787 πλεῖν

105 814 228 875 ποῖ
247 819 534 875 ἐκέλευεν·
582 820 769 891 ἐπειδὴ
818 818 878 874 δε
925 820 1265 875 κατέπλευσα
1310 821 1477 874 πάλιν
1527 824 1605 885 εἰς
1645 823 1850 889 Θάσον,

166 907 397 972 ἑλκύσας
433 909 498 962 τὰ
536 914 702 963 πλοῖα
740 912 818 972 εἰς
849 911 1132 979 Στρύμην,
1172 903 1230 964 οἷ
1263 909 1595 980 προσέταξεν
1628 911 1656 965 ὁ
1690 927 1848 979 στρα
1870 923 1978 964 1217

163 999 346 1067 τηγός,
383 998 643 1061 κελεύσας
672 1000 802 1060 τοὺς
832 999 1034 1061 ναύτας
1065 997 1125 1052 ἐν
1156 1007 1219 1068 τῇ
1252 997 1341 1067 νηὶ
1376 997 1561 1068 μένειν
1593 996 1682 1052 καὶ
1723 1001 1850 1061 τοὺς

164 1085 420 1155 ἐπιβάτας
464 1084 555 1139 καὶ
605 1087 707 1156 τὴν
757 1086 1090 1155 ὑπηρεσίαν,
1138 1085 1299 1154 ἐκβὰς
1347 1086 1509 1148 αὐτὸς
1546 1087 1848 1157 πορεύομαι

164 1173 252 1229 ἐπὶ
298 1177 398 1244 τὴν
444 1176 624 1229 οἰκίαν
671 1170 738 1229 οὗ
783 1176 1043 1242 κατήγετο
1099 1176 1408 1244 Τιμόμαχος
1455 1175 1484 1228 ὁ
1532 1177 1849 1244 στρατηγός,

164 1266 501 1333 βουλόμενος
545 1260 802 1316 κάκείνου
849 1262 1102 1316 ἐναντίον
1146 1263 1514 1332 παραδιδόναι
1560 1263 1662 1332 τὴν
1709 1271 1850 1316 ναῦν

98 1356 450 1406 83Πολυκλεῖ
490 1349 689 1425 τουτῳὶ
735 1354 929 1420 πλήρη.
1006 1351 1404 1420 καταλαμβάνω
1453 1346 1555 1404 οὖν
1595 1348 1684 1403 καὶ
1724 1360 1848 1404 τοῦ·

163 1459 262 1493 τον
293 1439 406 1494 ἐκεῖ
439 1438 529 1493 καὶ
567 1442 696 1502 τοὺς
734 1440 1096 1509 τριηράρχους
1126 1437 1216 1492 καὶ
1257 1442 1383 1502 τοὺς
1424 1440 1720 1509 διαδόχους
1757 1438 1847 1492 καὶ

163 1530 365 1592 ἄλλους
401 1529 553 1591 τινας
589 1538 698 1581 τῶν
736 1533 1003 1596 πολιτῶν,
1042 1525 1132 1580 καὶ
1172 1528 1441 1581 εἰσελθὼν
1480 1527 1652 1591 εὐθὺς
1691 1527 1847 1581 ἐναν-

162 1620 282 1671 τίον
313 1625 412 1671 τοῦ
444 1625 752 1686 στρατηγοῦ
785 1620 984 1685 λόγους
1015 1618 1150 1685 πρὸς
1189 1616 1357 1669 αὐτὸν
1398 1615 1719 1686 ἐποιούμην,
1756 1616 1847 1671 καὶ

163 1705 356 1775 ἠξίουν
387 1705 556 1759 αὐτὸν
587 1707 687 1774 τήν
720 1724 776 1758 τε
809 1712 950 1758 ναῦν
982 1724 1075 1774 μοι
1107 1704 1579 1774 παραλαμβάνειν,
1614 1703 1708 1758 ’καὶ
1748 1714 1873 1760 τοῦ·

164 1791 783 1864 ἐπιτετριηραρχημένου
831 1795 1036 1863 χρόνου
1088 1790 1416 1846 ἀποδιδόναι
1463 1812 1554 1862 μοι
1605 1792 1846 1847 τάναλώ-

164 1902 334 1952 ματα,
387 1879 478 1934 καὶ
524 1878 648 1950 περὶ
699 1889 809 1933 τῶν
861 1890 1073 1934 σκευῶν
1122 1881 1349 1949 ἠρώτων
1395 1881 1566 1934 αὐτόν
1581 1921 1596 1950 ,
1645 1884 1846 1951 πότερα

163 1971 541 2041 παραλήψεται
591 1969 623 2038 ἢ
676 1970 790 2022 ἴδια
841 1971 1005 2037 σκεύη
1058 1972 1197 2040 ἔχων
1247 1970 1370 2038 ἥκοι
1417 1968 1504 2023 ἐπὶ
1550 1970 1650 2039 τὴν
1688 1979 1845 2025 ναῦν.

97 2067 332 2114 Μταῦτα
382 2055 449 2112 δέ
484 2077 597 2127 ’μου
643 2056 1097 2127 προκαλουμένου
1137 2058 1332 2125 αὐτόν,
1378 2058 1561 2127 ἠρώτα
1599 2078 1663 2128 με
1704 2060 1847 2113 διότι

165 2147 331 2215 σκεύη
369 2165 426 2200 τε
466 2147 580 2199 ἴδια
619 2149 788 2215 μόνος
838 2148 1013 2216 ἔχοιμι
1052 2155 1162 2199 τῶν
1201 2147 1571 2217 τριηράρχων,
1620 2146 1710 2201 καὶ
1749 2150 1845 2201 πό-

162 2253 292 2304 τερα
321 2232 543 2302 ἡπόλις
575 2233 674 2287 οὐκ
705 2236 873 2302 εἰδείη
905 2234 1056 2296 τινας
1088 2233 1431 2303 δυναμένους
1469 2236 1634 2304 σκεύη
1672 2253 1845 2306 παρα-

165 2331 315 2393 σχεῖν
353 2331 469 2385 ταῖς
507 2324 725 2388 ναυσίν,
765 2322 900 2374 ὥστε
942 2321 1076 2391 αὐτὴ
1110 2323 1182 2391 μὴ
1215 2321 1485 2393 παρέχειν.
1548 2322 1609 2393 ξἢ
1650 2326 1718 2377 σὺ
1757 2343 1845 2378 το-

165 2409 390 2464 σοῦτον’
432 2410 534 2479 ἔφη
576 2407 1004 2477 ςὺπερπέπαικας
1034 2410 1253 2484 πλούτῳ
1285 2412 1413 2474 τοὺς
1451 2411 1669 2479 ἄλλους,
1708 2412 1843 2466 ὥστε

163 2496 254 2551 καὶ
301 2498 466 2565 σκεύη
515 2497 628 2549 ἴδια
676 2499 819 2566 ἔχειν
865 2495 957 2550 καὶ
1002 2499 1210 2567 κόσμον
1256 2501 1639 2568 χρυσόπαστον
1676 2503 1845 2569 μόνος

97 2592 273 2639 δὸτῶν
321 2586 686 2655 τριηράρχων;
743 2587 823 2648 τίς
872 2584 941 2638 ἂν
981 2581 1084 2638 οὖν
1124 2583 1367 2640 δύναιτ”
1420 2590 1522 2656 ἔφη
1575 2587 1700 2658 (τὴν
1739 2591 1843 2659 σὴν

163 2676 365 2742 μανίαν
402 2672 494 2727 καὶ
533 2672 890 2727 πολυτέλειαν
928 2674 1251 2744 ὑπομεῖναι,
1292 2675 1703 2746 διεφθαρμένον
1741 2676 1843 2748 μὲν

161 2762 427 2831 πλήρωμα
463 2760 553 2815 καὶ
586 2763 786 2824 εἰωθὸς
818 2761 1084 2833 ἀργύριον
1121 2766 1263 2817 πολὺ
1302 2765 1713 2834 προλαμβάνειν
1749 2765 1840 2820 καὶ

161 2847 403 2913 ἀτελείας
433 2850 588 2918 ἄγειν
619 2860 728 2904 τῶν
758 2849 1133 2920 νομιζομένων
1172 2851 1232 2906 έν
1271 2860 1335 2923 τῇ
1366 2851 1458 2921 νηὶ
1498 2857 1839 2925 λῃτουργιῶν

160 2933 251 2990 καὶ
289 2940 527 2991 λοῦσθαι
566 2937 626 2992 ἐν
664 2941 963 3010 βαλανείῳ,
1001 2949 1321 3009 τρυφῶντας
1360 2938 1411 2994 δ’
1456 2940 1712 3012 ἐπιβάτας
1748 2942 1835 2996 καὶ
