2035 3158
150 194 221 246 66
475 220 482 227 .
618 190 772 232 mv.
825 183 1332 246 [ΔΗΜΟΣΘΕΝΟΤΣ]

81 344 123 375 «ςι
152 327 361 394 νεύητε.
421 326 482 377 τὸ
515 319 614 392 μὲν
646 322 750 390 γὰρ
783 321 1043 385 σύνολον,
1074 318 1236 380 ’ὄντες
1267 313 1545 386 Ἀρχιάδῃ,
1583 309 1652 368 οὗ
1684 313 1833 375 ἐστιν

153 415 182 468 ὁ
223 417 421 482 κλῆρος
461 410 677 476 οὑτοσί,
721 409 857 477 πρὸς
907 406 1127 475 ἀνδρῶν
1167 405 1301 457 κατὰ
1339 401 1496 472 γένος
1536 401 1833 470 ἐγγυτάτω,

151 499 242 554 καὶ
279 507 373 568 τῆς
411 499 674 566 ποήσεως,
713 491 776 563 ἧς
815 494 1021 555 ἐκεῖνος
1061 492 1383 561 ἐποιήσατο,
1422 500 1530 543 τῶν
1565 486 1681 558 μὲν·
1709 487 1834 542 ἑπα-

152 588 543 656 νεληλυθότων
590 585 666 645 εἰς
711 584 809 636 τὸν
856 587 1111 651 πατρῷον
1152 575 1332 644 οἷκον,
1379 586 1477 631 τοῦ
1517 575 1573 630 δ’·
1613 575 1836 645 ἐγκατα-

150 673 478 744 λειφθέντος
525 672 755 732 ἄπαιδος
804 669 1273 734 τετελευτηκότος,
1318 666 1527 719 τούτων
1566 662 1617 718 δ’
1663 664 1837 727 οὕτως

87 763 391 834 οε-ἐχόντων
431 760 689 828 ἀξιοῦμεν
721 762 1106 826 κληρονομεῖν,
1146 754 1409 821 οὐδεμίαν
1449 753 1643 807 οὐσίαν
1683 756 1835 807 Λεω-

155 851 389 920 στράτου
428 848 759 917 ἀφελόμενοι
798 841 977 915 (οὗτοι
1002 840 1101 912 μὲν
1125 843 1228 911 γὰρ
1254 844 1346 904 τὰς
1371 839 1580 894 ἑαυτῶν
1603 838 1833 912 ἔχουσι),

152 948 247 1008 τῆς
277 934 370 991 ὑπ’
412 934 703 1005 Ἀρχιάδου
737 929 796 986 δὲ
829 934 1283 1000 καταλειφθείσης
1313 928 1404 982 καὶ
1436 930 1603 998 οὔσης
1634 928 1694 982 ἐκ
1723 938 1834 983 τῶν

158 1031 341 1096 νόμων
379 1022 652 1094 ἡμετέρας.
724 1022 753 1076 ὁ
792 1021 896 1089 γὰρ
935 1021 1104 1088 νόμος
1143 1014 1185 1071 ὦ
1226 1019 1424 1087 ἄνδρες
1462 1017 1712 1070 δικασταὶ
1748 1036 1834 1070 κε-

152 1101 302 1169 λεύει
340 1121 559 1181 κρατεῖν
592 1112 719 1172 τοὺς
759 1110 990 1178 ἄρρενας
1028 1105 1116 1160 καὶ
1148 1109 1275 1169 τοὺς
1315 1105 1374 1159 ἐκ
1411 1115 1521 1159 τῶν
1560 1104 1834 1175 ἀρρένων·
1857 1103 2005 1153 1099*

131 1200 309 1261 ..οὗτοι
343 1199 391 1254 δ’
430 1200 583 1269 ἡμεῖς
617 1198 794 1266 ε’σμεν.
858 1196 959 1249 οὐκ
991 1191 1132 1263 ’ἦσαν
1165 1197 1356 1247 τοίνυν
1395 1195 1585 1256 παῖδες
1624 1193 1834 1267 ἐκείνῳ·
2000 1191 2003 1193 ’

90 1308 131 1338 ⁶³
156 1292 215 1346 οἷ
249 1288 299 1345 δ’
344 1309 373 1341 *
397 1307 425 1339 *
466 1290 618 1349 ὄντες
655 1286 808 1354 ἡμεῖς
849 1283 1025 1353 ἐσμεν.
1091 1279 1250 1335 ἕπειτῖ
1298 1282 1364 1335 οὐ
1405 1283 1620 1335 δίκαιον
1659 1280 1837 1350 δήπου

156 1381 253 1433 τὸν
290 1378 519 1445 ποιητὸν
557 1375 683 1428 υἱὸν
722 1373 1002 1440 ποιητοὺς
1026 1368 1244 1439 ἑτέρους
1282 1370 1543 1437 εἰσάγειν,
1582 1367 1705 1423 ἀλλ’
1751 1369 1838 1438 ἐγ·

157 1468 502 1519 καταλείπειν
549 1459 649 1530 μὲν
697 1457 1083 1529 γιγνομένους,
1136 1458 1266 1511 ὅταν
1307 1455 1368 1510 δὲ
1407 1455 1552 1512 τοῦτ’
1599 1456 1838 1528 ἐπιλίπῃ,

158 1565 270 1617 τοῖς
315 1551 531 1621 γένεσιν
579 1540 906 1602 ἀποδιδόναι
955 1548 1048 1609 τὰς
1093 1549 1480 1614 κληρονομίας·
1527 1547 1836 1615 ταῦτα’γὰρ

151 1643 218 1696 ὀἵ
242 1644 403 1710 νόμοι
435 1639 770 1692 κελεύουσιν.
835 1633 948 1689 ἐπεὶ
987 1644 1100 1697 πῶς
1132 1633 1233 1687 οὐκ
1273 1633 1563 1686 ἐκκλείεται
1603 1627 1680 1696 εἷς
1718 1632 1836 1687 ἕκα-

158 1733 282 1792 στος
320 1729 476 1797 ὑμῶν
515 1734 607 1794 τῆς
638 1724 770 1777 κατὰ
803 1723 960 1791 γένος
999 1721 1323 1792 ἀγχιστειάς,
1363 1720 1494 1774 ὅταν
1534 1731 1646 1784 τοῖς
1683 1741 1838 1790 ποιη-

157 1827 270 1880 τοῖς
316 1817 348 1885 ἡ
397 1806 553 1868 ἄδεια
608 1813 741 1880 αὕτη
799 1813 973 1881 δοθῇς
1031 1811 1190 1879 ὁρᾶτε
1237 1810 1340 1879 γὰρ
1389 1809 1468 1862 ὅτι
1519 1808 1634 1872 ταῖς
1678 1807 1837 1866 κολα-

158 1910 327 1968 κείαις
367 1904 424 1958 οἷ
450 1907 693 1956 πλεῖστοι
724 1900 1217 1969 ψυχαγωγούμενοι
1257 1896 1346 1951 καὶ
1386 1907 1500 1960 ταῖς
1539 1899 1839 1967 πρὸςτοὺς

161 1984 396 2054 οἰκείους
451 1992 739 2059 διαφοραῖς
793 1987 1053 2049 πολλάκις
1113 1990 1528 2055 φιλονικοῦντες
1579 1989 1839 2055 ποιητοὺς

160 2068 296 2144 υἱεῖς
327 2087 636 2134 ποιοῦνται·
677 2078 726 2129 εἰ
757 2073 806 2129 δ’
847 2078 994 2127 ἔσται
1034 2084 1105 2146 τῷ
1148 2072 1520 2142 εἰσποιηθέντι
1559 2075 1705 2143 παρὰ
1743 2076 1839 2129 τὸν

162 2174 334 2240 νόμον
375 2170 638 2222 εἰσποιεῖν
687 2165 751 2217 ὃν
791 2163 860 2217 ἂν
899 2165 1186 2233 βούληται,
1239 2161 1498 2215 οὐδέποτε
1539 2172 1652 2224 τοῖς
1689 2161 1838 2230 γένε·

98 2277 137 2307 ει
164 2273 252 2312 σιν
300 2258 360 2310 αἰ
402 2256 759 2323 κληρονομίαι
808 2253 1159 2321 δοθήσονται.
1237 2251 1269 2303 ἃ
1308 2249 1397 2303 καὶ
1436 2249 1769 2319 προνοηθεὶς
1808 2252 1838 2306 ὁ

164 2343 466 2415 νομοθέτης
513 2342 700 2395 ἀπεῖπε
749 2349 821 2411 τῷ
872 2346 1074 2410 ποιητῷ
1117 2338 1261 2410 αὐτῷ
1314 2340 1431 2391 ὄντι
1470 2341 1675 2406 ποητὸν
1712 2339 1838 2394 υἱὸν

163 2435 234 2503 μὴ
274 2437 550 2493 ποεῖσθαι,
590 2433 710 2482 τίνα
750 2431 954 2497 τρόπον
986 2429 1230 2497 διορίσας
1268 2425 1391 2496 περὶ
1430 2428 1666 2492 τούτων;
1706 2413 1840 2482 ὅταν

164 2528 286 2592 εἴπῃ
341 2513 493 2573 (υἱὸν
547 2519 776 2586 γνήσιον
832 2515 1256 2583 ἐγκαταλιπόντα
1307 2513 1630 2581 ἐπανιε’ναι’,
1680 2515 1844 2584 δηλοῖ

166 2613 344 2678 δήπου
392 2615 641 2677 φανερῶς
692 2605 774 2658 ὅτι
824 2604 891 2657 οὐ
943 2606 1030 2657 δεῖ
1071 2609 1374 2657 ποιεῖσθαι·
1422 2602 1697 2656 ἀδύνατον
1735 2603 1838 2671 γάρ

167 2698 313 2750 ἐστιν
352 2696 477 2749 υἱὸν
523 2695 753 2763 γνήσιον
805 2691 1207 2769 ἐγκαταλιπεῖν,
1254 2690 1349 2745 ἐὰν
1390 2692 1461 2760 μὴ
1501 2693 1647 2761 γόνῳ
1686 2709 1838 2760 γεγο·

166 2786 275 2847 νὼς
314 2778 347 2855 ᾗ
387 2803 510 2836 τινι.
575 2785 641 2834 σὺ
690 2784 880 2834 τοίνυν
921 2775 962 2833 ὦ
1004 2770 1321 2850 Λεώστρατε
1370 2778 1538 2844 ἀξιοῖς
1587 2785 1662 2850 τῷ
1700 2798 1841 2832 τετε-

168 2873 448 2940 λευτηκότι
484 2871 750 2941 εἰσποητῷ
779 2869 855 2930 εἰς
887 2869 944 2922 τὸ
978 2867 1238 2937 ἡμέτερον
1271 2865 1428 2936 γένος
1459 2867 1576 2920 ὄντι
1613 2870 1841 2937 ποιητὸν

169 2957 254 3012 ἐπὶ
293 2961 388 3013 τὸν
420 2962 625 3025 κλῆρον
658 2959 987 3026 εἰσαγαγεῖν,
1026 2956 1205 3022 ὥσπερ
1246 2953 1328 3008 ἐπὶ
1372 2955 1434 3008 τὰ
1475 2962 1679 3009 σαυτοῦ
1717 2957 1840 3022 κτή-
