2035 3158
650 136 809 178 RATA
839 136 1170 181 ΣΤΕΦΑΝΟΤ
1200 138 1251 180 A.
1727 121 1806 186 79

112 267 332 324 διδόνθ’
380 264 560 338 οὗτοι,
605 268 841 337 εὔλογον
879 263 950 337 ἦν
988 267 1201 337 πρᾶξαι
1233 277 1415 341 ταῦτα.
1485 266 1606 323 ἀλλ’
1651 269 1799 339 ὅμως

111 358 144 412 ἃ
182 367 298 422 τοῖς
335 359 527 425 εἰκόσι,
564 366 678 420 τοῖς
716 359 964 427 χρόνοις,
1001 365 1115 419 τοῖς
1151 355 1551 426 πεπραγμένοις
1592 358 1793 426 ἐξελέγ-

0 462 4 523 3
112 466 267 516 χεται
313 447 518 514 ψευδῆ,
571 453 739 499 ταῦτα
781 453 1093 515 ’μαρτυρεῖν
1149 443 1248 498 οὐκ
1305 444 1552 514 ὤκνησεν
1607 442 1827 498 οὑτοσὶ,

0 528 2 603 J
67 519 70 522 ‚
112 533 409 605 Στέφανος.
1437 568 1440 570 Δ

0 614 2 670 ἶ
44 636 83 668 37
220 618 357 675 Εἶτα
397 618 540 689 λέγει
579 593 849 705 περιιών,
882 621 955 683 ὡς
1002 619 1337 690 ἐμαρτύρησε
1378 640 1492 689 μεν·
1519 623 1796 690 Νικοκλῆς

111 710 494 779 ἐπιτροπεῦσαι
533 709 668 762 κατὰ
708 709 808 777 τὴν
850 710 1153 777 διαθήκην,
1201 708 1539 778 ἐμαρτύρησε
1580 705 1641 762 δὲ
1681 712 1795 762 Πα-

111 802 295 866 σικλῆς
350 796 812 865 ἐπιτροπευθῆναι
866 798 1000 850 κατὰ
1055 798 1153 866 τὴν
1211 798 1499 866 διαθήκην.
1578 797 1684 866 ἐγὼ
1741 794 1789 851 δ’

13 891 15 893 ’
79 886 245 945 γαὐτὰ
295 882 445 939 ταῦτ’
503 881 653 953 οἶμαι
705 882 947 954 τεκμήρι’
1004 881 1175 953 εἶναι,
1224 894 1323 939 τοῦ
1375 882 1497 955 μήτ’
1553 885 1797 949 ἐκείνους

109 973 319 1044 τάληθῆ
366 975 498 1043 μήτε
546 971 1283 1042 τούσδε-μεμαρτυρηκέναι.
1354 973 1383 1027 ὁ
1433 974 1536 1042 γὰρ
1585 974 1933 1042 §mmo-1115·

107 1071 304 1117 πεῦσαι
329 1062 463 1115 κατὰ
488 1063 758 1130 διαθήκας
790 1070 1101 1129 μαρτυρῶν,
1136 1062 1307 1129 δῆλον
1341 1061 1422 1114 ὅτι
1447 1059 1575 1115 καθ’
1608 1062 1798 1125 ὁποίας

109 1150 177 1204 ἂν
216 1152 412 1220 εἰδείη,
459 1148 550 1203 καὶ
590 1150 618 1204 ὁ
661 1149 1123 1218 ἐπιτροπευθῆναι
1172 1150 1314 1203 κατὰ
1355 1151 1624 1219 διαθήκας
1663 1171 1795 1220 μαρ-

42 1255 83 1287 εκ
108 1248 310 1308 τυρῶν,
351 1240 522 1307 δῆλον
562 1238 644 1291 ὅτι
684 1234 812 1291 καθ’
858 1238 1048 1300 ὁποίας
1097 1237 1165 1291 ἂν
1214 1239 1399 1308 εἰδείη.
1464 1242 1520 1292 τί
1555 1235 1658 1292 οὖν
1698 1259 1795 1308 μα-

106 1329 305 1390 θόντες
344 1323 694 1396 ἐμαρτυρεῖθ’
722 1326 889 1395 ὑμεῖς
921 1325 980 1379 ἐν
1003 1328 1309 1395 προκλήσει
1343 1328 1632 1396 διαθήκας,
1671 1324 1788 1381 ἀλλ’

109 1415 209 1469 οὐκ
260 1414 504 1478 ἐκείνους
553 1417 718 1478 εἰᾶτε;
773 1417 825 1468 εἰ
874 1416 977 1484 γὰρ
1030 1412 1100 1468 αὖ
1152 1417 1224 1485 μὴ
1272 1417 1549 1485 φήσουσιν
1589 1415 1795 1470 εἰδέναι

107 1504 170 1555 τα
209 1501 537 1572 γεγραμμέν’
595 1502 655 1556 ἐν
706 1503 914 1569 αὐταῖς,
964 1513 1076 1566 πῶς
1126 1503 1266 1572 ὑμᾶς
1319 1498 1438 1558 οἷόν
1491 1501 1535 1557 τ’
1591 1503 1794 1558 εἰδέναι

108 1593 235 1654 τοὺς
263 1593 486 1661 μηδαμῇ
534 1593 794 1661 μηδαμως
840 1600 940 1645 τοῦ
986 1592 1301 1661 πραγματος
1348 1592 1534 1660 ἐγγύς;
1583 1596 1639 1646 τί
1672 1589 1788 1646 ποτ’

109 1675 211 1733 οὖν
266 1680 325 1734 οἱ
373 1676 472 1748 μὲν
528 1679 735 1747 ἐκεῖνα,
772 1680 850 1733 ὀἱ
893 1677 952 1733 δὲ
999 1675 1148 1733 ταῦτ’
1203 1680 1611 1749 ἐμαρτύρησαν;
1665 1680 1799 1756 ὅπερ

108 1774 297 1838 εἴρηκα
328 1766 423 1821 καὶ
449 1771 737 1836 πρότερον,
770 1770 1043 1822 διείλοντο
1076 1768 1431 1837 τάδικήματα,
1463 1767 1552 1821 καὶ
1586 1768 1797 1837 ἐπιτρο-

108 1865 304 1932 πεῦσαι
343 1853 443 1926 μὲν
483 1857 617 1909 κατὰ
651 1858 927 1926 διαθήκην
961 1853 1127 1910 οὐδὲν
1161 1858 1348 1910 δεινὸν
1380 1855 1562 1925 ἡγεῖτο
1596 1878 1797 1926 μαρτυ·

109 1955 227 2015 ρεῖν
260 1947 289 2000 ὁ
323 1954 638 2014 μαρτυρῶν,
679 1943 798 2002 οὐδ’
840 1944 1304 2014 ἐπιτροπευθῆναι
1337 1946 1469 1998 κατὰ
1503 1947 1803 2015 διαθήκην,

45 2051 86 2081 39
111 2032 364 2103 ἀφαιρῶν
405 2032 657 2101 ἑκάτερος
694 2035 754 2087 τὸ
802 2043 1100 2103 μαρτυρεῖν
1146 2034 1212 2087 τὰ
1252 2032 1312 2087 ἐν
1352 2043 1467 2096 ταῖς
1508 2035 1799 2102 διαθήκαις

107 2121 214 2176 ὑπὸ
240 2123 453 2176 τούτου
500 2120 873 2190 γεγραμμένα,
920 2119 1053 2176 οὐδὲ
1100 2126 1417 2175 καταλιπεῖν
1465 2124 1560 2175 τὸν
1607 2119 1790 2192 πατέρ’

108 2209 253 2282 αὐτῷ
296 2209 762 2278 ἐπιγεγραμμένον
802 2220 1172 2279 γραμματεῖον
1220 2211 1524 2279 διαθήκην,
1566 2207 1696 2264 οὐδὲ
1734 2211 1799 2264 τὰ

107 2306 378 2365 τοιαῦτα·-
413 2300 681 2367 διαθήκας
737 2295 797 2352 δὲ
853 2309 1178 2368 μαρτυρεῖν,
1242 2298 1300 2352 ἐν
1360 2292 1445 2362 αἶς
1507 2300 1805 2369 χρημάτων
1848 2348 1852 2350 ,

108 2388 388 2441 τοσούτων
419 2388 611 2455 κλοπὴ,
651 2389 911 2455 γυναικὸς
944 2389 1246 2457 διαφθορὰ,
1285 2389 1449 2456 γάμοι
1488 2389 1801 2458 δεσποίνης,

110 2472 378 2545 πράγματ’
436 2476 704 2545 αἰσχύνην
755 2473 846 2528 καὶ
895 2475 1060 2545 ὕβριν
1112 2477 1385 2545 τοσαύτην
1436 2477 1660 2546 ἔχοντα,
1706 2476 1799 2530 οὐ·-

113 2562 226 2626 δεὶς
262 2565 465 2633 ’ἤθελεν
510 2564 654 2632 πλὴν
702 2559 882 2630 οὗτοι,
929 2566 1233 2633 πρόκλησιν
1281 2564 1803 2633 κατασκευάσαντες,

111 2649 264 2722 παρ’·
260 2647 362 2705 ὧν
401 2652 617 2706 δίκαιον
663 2660 758 2722 τῆς
807 2652 938 2721 ὅλης
985 2651 1173 2723 τέχνης
1220 2650 1310 2706 καὶ
1349 2656 1676 2722 κακουργίας
1718 2653 1799 2706 δί-

112 2759 215 2810 κην
254 2743 462 2809 λαβεῖν.-
1703 2791 1706 2793 ,

14 2846 89 2893 ⁷4⁴)
209 2825 330 2881 Ἵνα
368 2832 559 2883 τοίνυν
606 2824 649 2883 ὦ
697 2829 894 2899 ἄνδρες
936 2826 1223 2898 Ἀθηναῖοι
1275 2786 1347 2899 μῆ
1394 2831 1568 2899 μόνον
1617 2829 1670 2894 ἐξ
1720 2825 1803 2883 ὧν

113 2915 228 2986 ἐγὼ
254 2927 553 2988 κατηγορῶ
607 2915 697 2972 καὶ
753 2916 989 2989 ἐλέγχω,
1053 2921 1217 2986 δῆλος
1271 2918 1403 2987 ὑμῖν
1457 2916 1691 2988 γε’νηται
1731 2919 1795 2971 τὰ
