2035 3158
579 173 585 181 ·
636 165 795 207 RATA
826 161 1158 208 ΣΤΕΦΑΝΟΤ
1189 166 1239 209 Β.
1712 165 1786 218 95

102 288 562 371 τῷγραμματείῳ
601 296 630 351 ὅ
669 299 953 367 παρείχετο
988 301 1273 366 Φορμίων,
1301 301 1443 367 «μήτε
1481 312 1786 369 παραγενοι

99 384 300 454 μένους
344 377 534 458 ἐκείύῳ
581 383 972 458 διατιθεμένῳ,
1019 384 1141 455 μήτ’
1192 387 1406 450 εἰδότας
1450 389 1501 440 εἰ
1545 385 1786 456 διέθετο,

53 500 56 503 ·
99 483 214 537 πῶς
251 473 320 528 οὐ
357 482 672 544 περιφανῶς
709 471 1068 543 ἀναισχυντία
1108 475 1264 528 δοκεῖ
1297 474 1429 543 ὑμῖν
1469 471 1634 539 εἶναις

56 579 76 610 6
207 559 368 616 Ἀλλὰ
413 562 523 631 μὴν
569 562 621 614 εἰ
663 559 799 631 φησὶ
841 564 1167 631 Φορμίωνος
1213 560 1470 631 λέγοντος
1506 564 1793 616 πιστεύειν

99 647 252 704 ταῦτ’
303 644 484 719 ἀληθῆ
532 645 701 717 εἶναι,
748 657 847 706 τοῦ
898 649 1069 704 αὐτοῦ
1116 648 1318 718 ἀνδρός
1359 651 1470 704 ἐστι
1510 651 1787 704 πιστεύειν

98 757 156 792 τε
194 736 412 807 λέγοντι
451 738 626 811 τούτῳ
673 746 843 792 ταῦτα
893 736 982 791 καὶ
1022 740 1302 792 κελεύοντι
1342 748 1655 809 μαρτυρεῖν.
1735 738 1798 791 οἵ

100 824 168 879 δέ
207 844 268 895 γε
313 828 475 896 νόμοι
522 825 590 879 οὐ
636 833 803 879 ταῦτα
852 823 1139 895 λέγουσιν,
1186 823 1314 879 ἀλλ”
1349 826 1381 880 ἃ
1430 826 1498 880 ἂν
1549 828 1670 897 εἰδῇ
1708 847 1790 889 τις

99 911 190 968 καὶ
222 906 306 977 οἷς
337 913 406 967 ἂν
437 912 805 985 παραγένηται
838 913 1248 983 πραττομένοις,
1287 923 1456 968 ταῦτα
1487 924 1788 985 μαρτυρεῖν

97 1002 419 1056 κελεύουσιν
461 1002 521 1056 ἐν
560 1004 907 1075 γραμματείῳ
947 1001 1320 1073 γεγραμμένα,
1359 1003 1450 1055 ἴνα
1490 1000 1614 1073 μήτ’
1658 1001 1787 1073 ἀφε-

99 1095 217 1144 λεῖν
269 1089 361 1160 ἐξῇ
416 1087 589 1160 μηδὲν
643 1092 773 1159 μήτε
831 1095 1159 1160 προσθεῖναι
1211 1100 1324 1154 τοῖς
1377 1089 1787 1161 γεγραμμένοις.

56 1178 273 1248 τάκοὴν
325 1175 375 1232 δ’
422 1179 523 1232 οὐκ
574 1177 701 1232 ἐῶσι
754 1181 950 1243 ζῶντος
997 1188 1325 1249 μαρτυρεῖν,
1378 1174 1788 1232 &meh-ieme&-

100 1287 210 1336 τος,
248 1276 358 1320 τῶν
398 1265 458 1320 δὲ
493 1266 783 1320 ἀδυνάτων
814 1266 904 1320 καὶ
943 1266 1254 1336 ὑπερορίων
1296 1266 1663 1337 ἐκμαρτυρίαν
1702 1286 1788 1336 γε·

100 1356 415 1427 γραμμ-ένην
457 1356 516 1410 ἐν
547 1365 620 1428 τςό
655 1359 1024 1429 γραμματείῳ·
1065 1354 1152 1409 καὶ
1194 1356 1298 1410 ἀπὸ
1340 1365 1432 1426 τῆς
1470 1355 1636 1424 αὐτῆς
1676 1356 1787 1409 ἐπι-

101 1446 348 1514 σκήψεως
371 1446 469 1513 τήν
492 1461 549 1497 τε
576 1448 882 1514 μαρτυρίαν
907 1442 995 1497 καὶ
1023 1443 1390 1515 ἐκμαρτυρίαν
1421 1443 1785 1512 ἀγωνίζεσθαι
1807 1463 1925 1501 1133,

100 1533 236 1601 ἅμα,
274 1530 348 1585 ἵν’
393 1531 488 1585 ἐὰν
528 1529 628 1601 μὲν
669 1531 992 1602 ἀναδέχηται
1035 1532 1063 1586 ὁ
1106 1531 1542 1603 ἐκμαρτυρήσας,
1583 1531 1788 1595 ἐκεῖνος

100 1620 364 1683 ὑπόδικος
402 1615 436 1692 ᾗ
479 1630 588 1674 τῶν
619 1622 1134 1691 ψευδομαρτυριῶν,
1175 1620 1270 1674 ἐὰν
1311 1619 1371 1676 δὲ
1411 1624 1483 1691 μὴ
1524 1621 1789 1692 ἀναδέχη-

55 1728 74 1759 8
99 1727 206 1777 ται,
238 1708 296 1762 οἱ
322 1711 764 1777 μαρτυρήσαντες
788 1710 889 1778 τὴν
921 1707 1303 1778 ἐκμαρτυρίαν,
1364 1709 1649 1779 Στέφανος
1680 1714 1788 1764 τοί-

99 1802 204 1850 νυν
232 1794 444 1864 οὑτοσὶ,
484 1794 599 1849 οὔτ’
636 1797 795 1859 εἰδὼς
835 1798 1105 1866 διαθήκας
1144 1801 1512 1852 καταλιπόντα
1554 1789 1650 1852 τὸν
1689 1817 1787 1852 πα-

99 1883 228 1954 τέρα
276 1884 458 1953 ἡμῶν,
505 1885 630 1938 οὔτε
677 1887 1120 1954 παραγενόμενος
1166 1887 1380 1939 πώποτε
1423 1886 1787 1961 διατιθεμένῳ

101 1981 174 2046 τῷ
213 1971 374 2043 πατρὶ
408 1972 583 2041 ἡμῶν,
622 1972 862 2036 ἀκούσας
894 1970 954 2026 δὲ
990 1977 1335 2043 Φορμίωνος,
1375 1976 1795 2045 μεμαρτύρηκεν-

100 2061 274 2130 ἀκοὴν
320 2062 384 2114 τὰ
432 2062 610 2130 ψευδῆ
658 2081 714 2114 τε
761 2059 851 2114 καὶ
898 2062 1044 2130 παρὰ
1092 2064 1189 2116 τὸν
1235 2065 1425 2132 νόμον.
1490 2061 1580 2116 καὶ
1618 2061 1784 2117 ταῦθ’

102 2150 186 2203 ὅτι
224 2148 407 2222 ἀληθῆ
448 2147 618 2218 λέγω,
667 2149 835 2204 αὐτὸν
876 2150 1008 2220 ὑμῖν
1048 2153 1144 2204 τὸν
1182 2153 1358 2220 νόμον
1398 2150 1788 2219 ἀναγνώσεται.

834 2319 1059 2364 ΝΟΜΟΣ.

282 2407 462 2475 Ἀκοὴν
516 2404 644 2460 εἶναι
697 2416 957 2476 μαρτυρεῖν
1010 2417 1301 2477 τεθνεῶτος,
1357 2413 1681 2479 ἐκμαρτυρίαν
1735 2411 1794 2463 δὲ

175 2489 441 2557 ’ὑπερορίου
481 2489 563 2540 καὶ
601 2489 865 2541 ἀδυνάτου.

58 2610 78 2642 9
205 2589 297 2654 Ὡς
341 2594 534 2645 τοίνυν
583 2589 675 2644 καὶ
728 2588 856 2661 παρ’
902 2591 1088 2663 ἕτερον
1134 2595 1310 2664 νόμον
1357 2596 1791 2665 μεμαρτύρηκεν,

65 2676 80 2709 .·
105 2677 368 2743 ἐπιδεῖξαι
406 2679 538 2748 ὑμῖν
578 2681 867 2749 βούλομαι,
907 2681 998 2734 ἵνα
1038 2683 1216 2751 είδῆτε
1256 2682 1339 2736 ὅτι
1379 2684 1631 2752 μεγάλων
1670 2682 1788 2736 ἀδι-

103 2767 358 2835 κημάτων
413 2767 513 2821 οὐκ
560 2770 700 2838 ἔχων
739 2770 1060 2839 καταφυγὴν
1101 2770 1129 2824 ὁ
1173 2773 1464 2839 Φορμίων,
1508 2774 1790 2841 πρόφασιν

105 2855 290 2924 λαβὼν
329 2857 474 2929 λόγῳ
514 2858 614 2926 τὴν
651 2859 975 2927 πρόκλησιν,
1014 2860 1155 2932 ἔργῳ
1196 2859 1359 2922 αὐτὸς
1397 2859 1543 2932 αὑτῷ
1585 2868 1812 2928 μεμαρ-’

104 2944 300 3012 τύρηκε
332 2944 777 3013 προστησάμενος
809 2947 1053 3014 τούτους,
1092 2944 1166 3000 δι’
1203 2941 1280 3001 ὧν
1313 2947 1371 3000 οί
1397 2944 1496 3016 μὲν
1537 2945 1784 2999 δικασταὶ
