2035 3158
208 159 311 211 193
722 158 818 200 Lu,
861 157 1365 215 [ΔΗΜοΣΘΕΝοΤΣ]

204 298 260 345 εἴ
284 312 336 344 τι
366 291 754 345 καταλέλοιπεν
788 290 1077 360 ἀργύριον·
1117 289 1170 354 ἐξ
1205 289 1442 359 ἀνάγκης
1473 289 1576 359 γάρ
1607 293 1706 358 μοί
1733 284 1880 343 ἐστιν

160 394 181 426 6
206 379 463 432 ἁπάντων
493 377 888 448 “Ηρακλεωτῶν
938 376 1346 446 ἑπιμελεϊσθαι.’
1418 377 1654 441 ἀκούσας
1692 374 1741 430 δ’
1786 377 1882 430 αὐ-

205 476 302 521 τοῦ
353 467 383 521 ὁ
436 470 699 535 Φορμίων
750 461 790 518 ὦ
841 467 1038 534 ἄνδρες
1088 467 1365 533 δικασταί,
1424 465 1625 529 ἔδειξεν
1675 463 1884 527 εὐθέως

203 561 542 624 παραχρῆμα.
606 552 884 617 δείξαντος
926 550 985 606 δὲ
1025 553 1195 607 αὐτοῦ
1234 555 1295 606 τὸ
1328 563 1715 621 γραμματεῖον,
1753 552 1882 605 ἀνα-

205 644 373 710 γνοὺς
410 642 573 704 αὐτὸς
611 644 700 694 καὶ
740 642 904 703 ἄλλος
949 641 1156 708 οὐδείς,
1203 640 1292 693 καὶ
1333 643 1469 694 ι’δὼν
1507 639 1883 710 γεγραμμένον

206 729 266 782 ἐν
306 729 452 801 αὐτῷ
494 729 722 781 ’Λύκων
761 727 1138 793 “Ηρακλεώτης
1174 732 1350 798 χιλίας
1390 727 1670 792 ἑξακοσίας
1706 748 1878 781 τεττα·

207 818 468 886 ράκοντα·
503 818 822 886 Κηφισιάδῃ
865 816 1169 870 ἀποδοῦναι
1212 818 1316 869 δεῖ·
1352 814 1702 886 Ἀρχεβιάδης
1733 819 1884 884 Λαμ-

207 907 404 972 πτρεὺς
444 904 605 969 δείξει
657 907 754 958 τὸν
793 903 1193 974 Κηφισιάδην’,
1245 903 1413 976 ᾤχετο
1464 903 1640 957 ἀπιὼν
1691 911 1886 974 σιωπῇ,

209 992 298 1045 καὶ
347 991 515 1047 πλέον
565 992 597 1062 ἢ
649 991 806 1045 πέντε
865 1002 1053 1061 μηνῶν
1112 990 1313 1045 οὐδένα
1365 995 1531 1060 λόγον
1582 992 1886 1062 ἐποιήσατο.

166 1081 642 1151 τέπιδημήσαντος
697 1078 757 1134 δὲ
818 1089 917 1135 τοῦ
972 1081 1322 1150 Κηφισιάδου
1384 1082 1514 1148 μετὰ
1574 1088 1742 1133 ταῦτα
1798 1079 1886 1133 καὶ

209 1172 618 1239 προσελθόντος
655 1172 789 1239 πρὸς
835 1170 934 1238 τὴν
981 1170 1246 1237 τράπεζαν
1293 1167 1381 1221 καὶ
1429 1168 1787 1231 ἀπαιτοῦντος
1823 1170 1888 1222 τὰ

1979 0 1987 20 ,.

2008 140 2015 145 ,
2003 85 2017 114 -Ῐκ
1990 0 2028 40 ἰή

2018 121 2027 155 n--

2014 347 2027 358 1
2020 327 2022 330 -
2000 171 2028 319 η-ωῆἔῗὲι-

211 1261 473 1328 χρήματα,
512 1261 781 1327 παρόντος
831 1255 890 1311 δὲ
932 1254 973 1310 ὦ
1014 1258 1212 1326 ἄνδρες
1253 1255 1500 1310 δικασταὶ
1535 1255 1889 1326 Ἀρχεβιάδου
1911 1273 2020 1314 1238

211 1345 301 1399 καὶ
348 1354 445 1400 τοῦ
488 1350 764 1415 Φρασίου,
813 1346 908 1408 οὓς
948 1345 976 1400 ὁ
1017 1347 1220 1398 Λύκων
1268 1353 1341 1417 τῷ
1389 1343 1550 1413 πατρὶ
1596 1343 1890 1413 συνέστησε

212 1434 302 1488 καὶ
355 1433 599 1488 ἐκέλευσε
650 1436 746 1488 τὸν
798 1434 1152 1503 Κηφισιάδην
1212 1433 1382 1497 δεῖξαι
1434 1433 1493 1496 ὃς
1542 1439 1655 1502 εἴη,
1704 1432 1889 1501 ἐπειδὴ

215 1526 392 1591 ἔλθοι,
428 1526 720 1593 παρόντων
754 1519 813 1575 δὲ
846 1520 935 1575 καὶ
967 1523 1168 1590 ἄλλων,
1210 1521 1576 1591 ἐξαριθμήσας
1615 1521 1759 1592 αὐτῷ
1800 1521 1894 1583 τὰς

216 1610 500 1665 ἑκκαίδεκα
558 1619 695 1680 μνᾶς
753 1609 842 1664 καὶ
899 1611 1293 1678 τετταράκοντα
1352 1611 1593 1679 δραχμὰς
1649 1607 1892 1662 ἀπέδωκε

218 1704 482 1770 Φορμίων
522 1699 725 1753 οὑτοσί.
789 1700 861 1762 ὡς
893 1696 954 1752 δὲ
984 1698 1165 1768 ἀληθῆ
1200 1697 1357 1767 λέγω,
1397 1699 1608 1751 τούτων
1640 1696 1894 1750 ἁπάντων

214 1789 350 1859 ὑμῖν
387 1790 482 1852 τὰς
521 1791 819 1858 μαρτυρίας
857 1786 1248 1855 ἀναγνώσεται.

887 1948 1225 1990 MAPTTPIAI.

174 2067 197 2098 8
314 2052 432 2107 “On
472 2050 572 2122 μὲν
606 2052 786 2121 ἀληθῆ
820 2053 1031 2105 ἅπαντα
1071 2048 1226 2104 εἷπον
1265 2052 1401 2120 πρὸς
1439 2050 1579 2119 ὑμᾶς
1618 2045 1660 2102 ὦ
1701 2050 1898 2117 ἄνδρες

221 2144 498 2209 δικασταί,
552 2150 660 2194 τῶν
716 2149 1029 2209 μαρτυριῶν
1085 2139 1363 2208 ἀκηκόατε.
1451 2139 1782 2206 προσελθὼν
1838 2134 1898 2189 δὲ

221 2237 402 2302 συχνῷ
437 2232 617 2302 χρόνῳ
648 2229 883 2297 ὕστερον
916 2229 1052 2296 πρὸς
1084 2228 1181 2281 τὸν
1213 2225 1417 2296 πατέρα
1449 2226 1768 2288 Κάλλιππος
1807 2224 1899 2278 οὑ·
1966 2242 1983 2251 ”

221 2318 340 2372 τοσὶ
381 2317 440 2371 ἐν
480 2318 654 2385 ἄστει,
700 2319 859 2385 ἤρετο
909 2316 1077 2369 αὐτὸν
1124 2316 1175 2368 εἰ
1219 2316 1323 2383 ἤδη
1373 2313 1780 2383 ἐπιδεδημηκὼς
1817 2317 1899 2380 εἴη

220 2408 251 2461 ὁ
293 2406 657 2476 Κηφισιάδης,
698 2406 803 2477 ὅτῳ
846 2401 1359 2472 [ε’πι]γεγραμμένον
1391 2408 1472 2471 εἴη
1505 2401 1810 2455 ἀποδοῦναι
1839 2402 1901 2454 τὸ

222 2495 488 2563 ἀργύριον
527 2495 588 2547 τὸ
628 2494 734 2546 ὑπὸ
775 2501 874 2546 τοῦ
906 2493 1170 2554 Λύκωνος
1201 2500 1299 2544 τοῦ
1324 2489 1704 2559 “Ηρακλεώτου
1744 2507 1902 2541 κατα-

226 2582 471 2653 λειφθέν.
534 2580 973 2650 ἀποκριναμένου
1016 2577 1076 2633 δὲ
1108 2588 1206 2633 τοῦ
1237 2580 1438 2647 πατρὸς
1469 2578 1551 2630 ὅτι
1584 2581 1753 2630 οἴοιτο
1786 2573 1904 2644 μέν,

226 2674 276 2724 εί
312 2670 497 2740 μέντοι
537 2671 793 2739 βούλοιτο
841 2672 916 2731 εἰς
956 2673 1190 2737 Πειραιᾶ
1238 2669 1562 2735 καταβῆναι,
1609 2666 1709 2733 τὴν
1756 2663 1905 2732 ἀκρί-

226 2764 381 2829 βειαν
420 2765 649 2828 εἴσοιτο,
695 2755 892 2811 “οἶσθά
924 2757 1036 2810 τοι’
1068 2759 1190 2825 ἔφη,
1231 2755 1286 2808 εὅ
1320 2775 1368 2807 τι
1403 2752 1549 2807 ἐστὶν
1582 2748 1624 2805 ὦ
1658 2755 1907 2820 Πασίων,

181 2848 257 2900 ⁹5
299 2862 357 2900 σε
398 2846 629 2916 ε’ρωτῶ’;
682 2844 795 2917 (καὶ
846 2845 917 2913 μὰ
964 2845 1061 2897 τὸν
1101 2846 1212 2895 Διά
1261 2840 1350 2894 καὶ
1398 2843 1493 2895 τὸν
1528 2837 1769 2893 ’Λπόλλω
1817 2839 1906 2893 καὶ

228 2936 327 3004 τὴν
368 2937 653 3005 Δήμητρα,
695 2934 761 2988 οὐ
793 2934 1065 3000 ψεύσομαι
1097 2932 1231 3000 πρὸς
1263 2930 1400 2999 ὑμᾶς
1440 2925 1481 2981 ὦ
1523 2929 1720 2997 ἄνδρες
1758 2928 1907 2980 δικα-
