2035 3158
738 188 905 231 ΠΡΟΣ
937 187 1240 233 ΑΕΩΧΑΡΗ.
1762 185 1832 236 53

0 306 3 385 2⁵
83 339 122 372 ιε
148 320 210 377 δὲ
246 324 381 391 πρὸς
418 321 640 392 ἀνδρῶν
686 321 840 391 ἡμεῖς
886 320 1050 391 ἐσμεν
1097 320 1389 390 ἐγγυτάτω.
1461 323 1597 392 πρὸς
1643 316 1702 374 δὲ
1743 317 1833 374 καὶ

0 408 2 435 ἓ
148 411 207 464 ἐκ
245 420 524 481 γυναικῶν
563 411 621 464 οἱ
654 408 812 464 αὐτοὶ
860 405 1036 464 οὗτοι·
1077 409 1107 464 ὁ
1146 410 1251 479 γὰρ
1291 410 1637 477 Μειδυλίδης
1675 407 1833 461 ἀδελ-

146 501 251 567 φὸς
286 495 357 568 ἦν
394 508 493 554 τοῦ
525 496 837 569 Ἀρχιάδου,
876 505 975 552 τοῦ
1015 495 1076 552 δὲ
1114 498 1467 552 Μειδυλίδου
1506 496 1762 565 θυγάτηρ
1798 495 1830 563 ’ἡ

148 596 246 642 τοῦ
305 587 440 657 ἐμοῦ
499 588 701 657 πατρὸς
760 587 963 656 μήτηρ,
1027 587 1162 640 ὥστε
1225 587 1472 655 γίγνεται
1529 581 1834 655 Ἀρχιάδης,

147 672 284 746 ὑπὲρ
322 671 391 730 οὗ
428 684 527 729 τοῦ
565 676 774 744 κλήρου
812 672 913 749 τὴν
954 674 1299 728 ἐπιδικασίαν
1338 673 1647 742 ποιούμεθα
1687 673 1834 738 νυνί,

146 770 300 827 θεῖος
336 771 401 834 τῇ
440 772 539 818 τοῦ
577 765 779 832 πατρὸς
819 771 917 817 τοῦ
957 762 1092 832 ἐμοῦ
1131 760 1292 833 μητρὶ
1325 761 1384 816 ἐκ
1416 759 1834 831 πατραδέλφων,

148 853 283 921 πρὸς
314 850 537 918 ἀνδρῶν
569 853 709 922 ἔχων
741 852 842 921 τὴν
883 849 1208 920 συγγένειαν
1248 853 1450 920 ταύτην
1482 848 1571 903 καὶ
1604 848 1671 903 οὐ
1701 850 1837 917 πρὸς

147 949 439 1010 γυναικῶν.
510 940 866 1009 Λεώστρατος
922 937 971 993 δ’
1026 938 1215 994 οὑτοσὶ
1270 938 1415 1008 γένει
1472 957 1527 992 τε
1577 935 1833 1005 ἀπωτέρω

148 1026 263 1082 ἐστὶ
300 1025 391 1081 καὶ
429 1029 566 1097 πρὸς
604 1037 884 1096 γυναικῶν
924 1029 1124 1090 οἰκεῖος
1150 1025 1430 1097 Ἀρχιάδῃ·
1476 1026 1504 1095 ἡ
1544 1027 1648 1095 γὰρ
1692 1026 1832 1091 [τοῦ]

148 1116 508 1186 Λεωκράτους
557 1119 732 1185 μήτηρ
787 1124 884 1170 τοῦ
943 1117 1142 1170 τούτου
1194 1116 1397 1179 πατρὸς
1448 1113 1714 1184 ἀδελφιδῆ
1765 1109 1833 1182 ἦν

147 1212 220 1277 τῷ
255 1201 516 1275 Ἀρχιάδῃ
557 1204 746 1277 ἐκείνω
788 1202 878 1257 καὶ
918 1211 990 1276 τςό
1034 1205 1379 1274 Μειδυλίδῃ,
1427 1199 1520 1271 ἀφ’
1568 1196 1645 1255 ὧν
1684 1200 1837 1270 ἡμεῖς

149 1294 302 1356 ὄντες
340 1292 599 1362 ἀξιοῦμεν
638 1300 732 1361 τῆς
770 1295 1139 1361 κληρονομίας
1177 1301 1375 1362 τυχεῖν.

84 1397 125 1429 14
259 1384 494 1448 Πρῶτον
525 1377 626 1450 μὲν
657 1376 760 1434 οὖν
795 1376 837 1433 ὦ
871 1381 1070 1448 ἄνδρες
1110 1378 1361 1433 δικασταὶ
1394 1383 1454 1433 τὸ
1487 1378 1643 1447 γένος
1684 1378 1837 1446 ἡμῶν

148 1469 232 1522 ὅτι
271 1468 444 1531 οὕτως
483 1470 612 1539 ἔχει,
651 1468 835 1537 ὥσπερ
875 1467 964 1522 καὶ
1000 1467 1252 1538 λέγομεν,
1292 1467 1665 1536 ἀναγνώσεται
1706 1467 1837 1535 ὑμῖν

148 1557 242 1620 τὰς
290 1560 617 1627 μαρτυρίας,
669 1558 850 1610 ἔπειτα
904 1557 1036 1626 μετὰ
1087 1564 1255 1610 ταῦτα
1307 1557 1403 1609 τὸν
1454 1558 1630 1624 νόμον
1669 1554 1837 1608 αὐτὸν

148 1646 245 1699 τὸν
294 1653 408 1707 τοῖς
456 1664 513 1698 τε
564 1643 746 1713 γένεσι
797 1643 886 1698 καὶ
938 1654 1051 1708 τοῖς
1101 1643 1379 1713 ἐγγυτάτω
1429 1646 1565 1713 πρὸς
1615 1642 1837 1712 ἀνδρῶν

147 1733 243 1796 τὰς
290 1736 656 1803 κληρονομίας
713 1732 1074 1786 ἀποδιδόντα·
1134 1733 1199 1785 τὰ
1257 1733 1360 1800 γὰρ
1420 1731 1689 1801 κεφάλαια
1740 1738 1837 1785 τοῦ

148 1819 388 1890 ἀγῶνος,
432 1820 521 1874 καὶ
569 1819 706 1891 ὑπὲρ
754 1816 832 1874 ὧν
879 1820 1223 1890 ὀμωμοκότες
1270 1826 1442 1874 οἴσετε
1491 1821 1591 1889 τὴν
1631 1827 1839 1889 ψῆφον,
1858 1835 1966 1876 1086

150 1910 348 1980 σχεδόν
386 1929 437 1962 τι
476 1906 623 1961 ταῦτ’
670 1910 834 1962 ἔστιν.
898 1912 992 1962 καί
1035 1929 1127 1977 μοι
1176 1908 1327 1961 κάλει
1376 1909 1505 1971 τούς
1543 1927 1597 1961 τε
1638 1907 1838 1978 μάρτυ-

149 2017 248 2066 ρας
285 1994 441 2066 δευρὶ
480 1995 570 2050 καὶ
609 1998 706 2051 τὸν
745 1999 920 2066 νόμον
960 1995 1356 2066 ἀναγίγνωσκε.

686 2158 1018 2201 ΜΑΡΤΤΡΕΣ.
1083 2158 1308 2200 ΝΟΜΟΣ.

89 2279 128 2308 ¹5
272 2263 349 2315 Τὰ
388 2258 488 2331 μὲν
526 2264 718 2315 τοίνυν
755 2260 879 2331 περὶ
912 2262 971 2314 τὸ
1006 2259 1164 2330 γένος
1203 2263 1263 2314 τό
1304 2280 1359 2314 τε
1400 2263 1611 2316 τούτων
1650 2261 1740 2317 καὶ
1777 2264 1839 2317 τὸ

150 2347 414 2418 ἡμέτερον
463 2350 636 2412 οὕτως
685 2351 794 2420 ἔχει
845 2345 887 2402 ὦ
938 2350 1137 2418 ἄνδρες
1189 2351 1468 2419 δικασταί,
1527 2351 1663 2404 ὥστε
1713 2352 1841 2414 τοὺς

152 2437 549 2508 ἐπιδεδειχότας
588 2436 641 2501 ἐξ
683 2437 864 2490 αὐτῶν
911 2446 1021 2490 τῶν
1070 2447 1386 2507 μαρτυριῶν
1435 2438 1507 2501 ὡς
1546 2437 1651 2492 εἰσὶ
1691 2437 1839 2507 γένει

152 2525 438 2596 ἐγγυτέρω,
461 2527 722 2596 προσήκει
762 2529 1157 2595 κληρονομεῖν,
1203 2524 1291 2578 καὶ
1332 2527 1405 2594 μὴ
1446 2527 1546 2595 τὴν
1585 2534 1684 2581 τοῦ
1723 2527 1838 2579 δια-

151 2615 599 2684 μαρτυρήσαντος
630 2613 902 2667 ἀπόνοιαν
933 2615 1159 2682 κρείττω
1192 2622 1303 2666 τῶν
1336 2612 1613 2683 ὑμετέρων
1652 2616 1840 2683 νόμων

151 2695 427 2770 γενέσθαι.
496 2700 585 2755 καὶ
626 2702 729 2770 γὰρ
769 2702 821 2754 εἰ
856 2708 920 2771 τῇ
959 2704 1175 2769 ποιήσει
1223 2702 1620 2771 ἰσχυρίζονται,
1659 2702 1729 2772 ἣν
1769 2703 1840 2766 ὡς

155 2788 366 2858 ἐγένετο
404 2789 558 2858 ἡμεῖς
596 2789 867 2859 δείξομεν,
906 2791 1346 2857 τετελευτηκότος
1378 2809 1437 2858 γε
1470 2799 1569 2845 τοῦ
1601 2792 1840 2859 εἰσποιη-

151 2876 349 2941 θέντος
395 2878 573 2946 δήπου
621 2879 852 2941 ἄπαιδος
896 2875 985 2930 καὶ
1033 2886 1131 2932 τοῦ
1179 2882 1335 2932 οἴκου
1381 2877 1537 2948 μέχρι
1585 2887 1677 2948 τῆς
1713 2878 1842 2949 ἡμε-

151 2964 308 3034 τέρας
358 2965 557 3034 λήξεως
608 2964 1059 3034 ἐξηρημωμένου.
1119 2975 1232 3028 πῶς
1283 2965 1351 3020 οὐ
1400 2969 1662 3036 προσήκει
1713 2967 1842 3030 τούς
