2035 3158
111 1000 148 1030 12

106 1879 148 1908 43

106 2579 149 2608 41.

176 149 283 201 222
707 150 801 192 LV.
848 148 1182 190 ΔΗΜΟΣΘΕΝ
1189 148 1312 189 ΟΤΣ

175 279 339 335 εἵνεκῗ
384 277 425 335 ὦ
476 282 672 349 ἄνδρες
723 277 973 334 δικασταὶ
1023 278 1112 333 καὶ
1162 289 1271 333 τῶν
1320 283 1776 350 περιεστηκότων,
1814 277 1848 350 ἦ

174 372 283 438 μὴν
332 369 530 422 παθὼν
580 368 686 421 ὑπὸ
739 370 999 430 Κόνωνος
1051 364 1212 421 ταῦθ’
1270 362 1347 420 ὧν
1398 367 1708 436 δικάζομαι,
1759 367 1996 442 κιῑὶιΞΊοΙ

1994 265 2031 578 1³

175 458 360 525 λαβὼν
398 456 638 524 πληγάς,
691 454 780 508 καὶ
826 456 886 509 τὸ
940 460 1117 525 χεῖλος
1172 452 1448 517 διακοπεὶς
1494 454 1665 517 οὕτως
1712 456 1848 509 ὥστε

174 543 264 597 καὶ
312 545 579 613 ῥαφῆναι,
625 541 713 596 καὶ
761 541 1049 612 ὑβρισθεὶς
1101 545 1200 613 τὴν
1247 545 1406 612 δίκην
1455 544 1689 596 διώκειν.
1759 542 1851 597 καὶ

174 634 225 684 εἰ
260 629 360 701 μὲν
400 631 634 699 εὐορκῶ,
682 630 862 684 πολλά
907 651 998 699 μοι
1046 630 1257 698 γένοιτο
1305 630 1522 699 κάγαθὰ
1560 629 1650 684 καὶ
1688 630 1853 700 μηδέ-

172 717 290 772 ποτ’
344 715 508 781 αὖθις
562 727 778 772 τοιοῦτο
836 715 1007 787 μηδὲν
1061 719 1328 788 πάθοιμι,
1388 720 1440 772 εἰ
1491 715 1544 772 δ’
1597 717 1852 787 ἐπιορκῶ,

175 806 373 874 ἐξώλης
412 806 716 874 ἀπολοίμην
767 806 928 868 αὐτὸς
974 804 1063 859 καὶ
1103 812 1158 859 εἴ
1190 810 1245 859 τί
1279 826 1371 875 μοι
1410 809 1557 860 ἔστιν
1596 805 1630 875 ἢ
1668 804 1852 875 μέλλει

173 897 412 952 ἔσεσθαι.
476 893 592 947 ἀλλ’
635 894 733 947 οὐκ
775 893 1026 962 ἐπιορκῶ,
1067 891 1184 948 οὐδ’
1224 893 1292 947 ἂν
1327 897 1525 948 Κόνων
1566 895 1850 964 διαρραγῇ.

172 982 326 1045 ἄξιον
366 985 555 1035 τοίνυν
594 981 733 1050 ὑμᾶς
773 977 815 1033 ὦ
856 982 1050 1049 ἄνδρες
1090 982 1356 1049 δικασταί,
1394 980 1561 1034 πάνθ’
1608 979 1691 1035 ὅσ’
1738 979 1850 1035 ἐστὶ

174 1065 336 1121 δίκαι’
384 1068 752 1134 ἐπιδείξαντος
793 1068 927 1137 ἐμοῦ
973 1067 1062 1121 καὶ
1101 1072 1282 1122 πίστιν
1321 1068 1661 1139 προσθέντος
1697 1069 1852 1138 ὑμῖν,

173 1158 352 1225 ὥσπερ
394 1156 462 1210 ἂν
502 1157 663 1219 αὐτὸς
703 1156 923 1219 ἕκαστος
953 1158 1150 1209 παθὼν
1183 1158 1279 1210 τὸν
1310 1153 1620 1224 πεποιηκότ’
1660 1155 1852 1226 ἐμίσει,

173 1245 345 1308 οὕτως
398 1242 534 1314 ὑπὲρ
592 1243 725 1312 ἐμοῦ
779 1245 914 1312 πρὸς
969 1246 1203 1297 Κόνωνα
1259 1243 1476 1298 τουτονὶ
1531 1245 1630 1313 τὴν
1679 1243 1851 1314 ὀργὴν

172 1335 342 1401 ἔχειν,
389 1331 478 1385 καὶ
526 1333 598 1401 μὴ
647 1333 886 1400 νομίζειν
939 1332 1082 1385 ι”διον
1131 1341 1239 1385 τῶν
1278 1333 1543 1386 τοιούτων
1581 1329 1781 1401 μηδέν,
1818 1331 1851 1385 ὃ

172 1420 274 1473 κᾶν
329 1421 475 1493 ἄλλῳ
530 1422 695 1490 τυχὸν
757 1422 1022 1488 συμβαίη,
1084 1417 1202 1472 ἀλλ’
1266 1417 1347 1490 ἐφ’
1411 1420 1539 1472 ὅτου
1600 1416 1719 1474 ποτ’
1779 1417 1850 1473 ἂν

173 1512 379 1577 συμβῇ,
419 1510 650 1576 βοηθεῖν
689 1506 778 1560 καὶ
827 1507 889 1560 τὰ
940 1503 1102 1559 δίκαι’
1151 1506 1502 1574 ἀποδιδόναι,
1541 1505 1632 1560 καὶ
1669 1517 1850 1576 μισεῖν

172 1598 298 1658 τοὺς
329 1598 433 1665 πρὸ
467 1593 567 1664 μὲν
600 1605 707 1648 τῶν
746 1593 1141 1664 ἁμαρτημάτων
1173 1599 1399 1663 θρασεῖς
1431 1592 1519 1646 καὶ
1550 1604 1850 1664 προπετεῖς,

174 1683 233 1736 ἐν
273 1680 332 1736 δὲ
379 1691 452 1755 τῷ
506 1684 665 1750 δίκην
711 1681 932 1752 ὑπέχειν
980 1681 1375 1751 ἀναισχύντους
1420 1680 1509 1734 καὶ
1554 1683 1851 1752 πονηρούς,

173 1769 260 1823 καὶ
301 1774 430 1840 μήτε
474 1771 632 1839 δόξης
671 1765 792 1839 μήτ’
837 1772 1002 1832 ἔθους
1041 1767 1160 1838 μήτ’
1200 1770 1370 1822 ἄλλου
1411 1770 1640 1839 μηδενὸς
1678 1791 1849 1840 φρον-

175 1862 415 1923 τίζοντας
468 1861 602 1929 πρὸς
654 1860 715 1911 τὸ
771 1859 842 1926 μὴ
906 1859 1100 1910 δοῦναι
1157 1859 1329 1925 δίκην.
1409 1856 1545 1910 ἀλλὰ
1600 1859 1849 1926 δεήσεται

174 1950 373 2000 Κόνων
412 1944 501 1998 καὶ
541 1948 778 2014 κλαήσει.
849 1955 1092 1998 σκοπεῖτε
1143 1947 1209 2013 δὴ
1257 1948 1482 2014 πότερός
1528 1945 1675 1999 ἐστιν
1715 1945 1849 1999 ἐλει-

172 2037 411 2103 νότερος,
452 2034 479 2087 ὁ
520 2034 810 2096 πεπονθὼς
851 2027 923 2086 οἷ’
969 2032 1071 2101 ἐγὼ
1123 2030 1355 2086 πέπονθ’
1400 2033 1505 2087 ὑπὸ
1545 2035 1762 2102 τούτου,
1799 2034 1852 2087 εἰ

172 2120 601 2192 προσυβρισθεὶς
648 2122 832 2190 ἄπειμι
880 2119 971 2173 καὶ
1011 2122 1163 2189 δίκης
1202 2122 1273 2189 μὴ
1315 2122 1517 2191 τυχών,
1556 2120 1589 2190 ἢ
1631 2124 1849 2190 Κόνων,

172 2212 223 2264 εἰ
268 2211 431 2263 δώσει
481 2211 663 2278 δίκην;
711 2211 943 2276 πότερον
993 2206 1044 2261 δ’
1095 2208 1249 2278 ὑμῶν
1307 2206 1511 2280 ἑκάστῳ
1566 2207 1850 2279 συμφέρει,

175 2297 373 2362 ἐξεῖναι
412 2299 631 2350 τύπτειν
664 2295 752 2349 καὶ
786 2297 1028 2365 ὑβρίζειν
1069 2295 1100 2364 ἢ
1140 2298 1237 2364 μή;
1288 2295 1390 2363 ἐγὼ
1431 2293 1530 2365 μὲν
1571 2292 1720 2365 οἶμαι
1757 2301 1849 2368 μκή.

174 2386 399 2453 οὐκοῦν,
439 2385 506 2438 ἂν
547 2382 646 2454 μὲν
687 2382 893 2454 ἀφιῆτ’,
941 2387 1157 2438 ἔσονται
1196 2387 1415 2453 πολλοί,
1455 2383 1549 2437 ἐὰν
1590 2381 1650 2438 δὲ
1689 2385 1848 2439 κολά-

175 2471 304 2543 ζητ’,
345 2473 612 2536 ἐλάττους.

283 2557 457 2613 Πόλλ’
497 2559 564 2612 ἂν
605 2562 776 2613 εἰπεῖν
817 2557 987 2629 ἔχοιμ’
1027 2555 1068 2612 ὦ
1109 2559 1304 2628 ἄνδρες
1344 2559 1610 2628 δικασταί,
1647 2558 1737 2613 καὶ
1776 2560 1849 2624 ὠς

172 2651 326 2718 ἡμεῖς
364 2650 647 2719 χρήσιμοι,
686 2645 774 2700 καὶ
814 2646 969 2701 αὐτοὶ
1009 2644 1098 2699 καὶ
1138 2646 1167 2701 ὁ
1205 2648 1407 2715 πατὴρ,
1454 2646 1554 2710 ἕως
1594 2649 1710 2716 ἔζη,
1757 2645 1849 2701 καὶ

174 2744 625 2806 τριηραρχοῦντες
670 2734 759 2788 καὶ
809 2737 1225 2803 στρατευόμενοι
1279 2732 1369 2787 καὶ
1415 2736 1475 2788 τὸ
1521 2738 1848 2804 προσταττό-

175 2845 342 2893 μενον
380 2833 690 2891 ποιοῦντες,
738 2821 826 2876 καὶ
875 2823 946 2886 ὡς
992 2819 1156 2876 οὐδὲν
1205 2819 1332 2875 οὔθ’
1378 2817 1537 2885 οὗτος
1575 2823 1699 2876 οὔτε
1738 2832 1847 2876 τῶν
1865 2841 1973 2883 1271

174 2915 372 2966 τούτου
413 2912 613 2975 οὐδείς·
662 2907 779 2964 ἀλλ’
827 2911 952 2963 οὔτε
1000 2911 1060 2964 τὸ
1107 2910 1258 2979 ὕδωρ
1307 2910 1524 2979 ἱκανόν,
1570 2910 1694 2964 οὒτε
1740 2918 1847 2964 νῦν

2005 579 2030 677 ‚3¹³

2021 1121 2027 1154 .«.
2003 872 2030 1110 :sa-Jovffinnzffl
