2035 3158
713 163 877 207 ΠΡΟΣ
903 162 1222 208 ΣΠΟΤΔΙΑΝ
1229 197 1236 204 .
1311 182 1313 185 <
1791 161 1824 212 3

142 301 273 372 μήτε
318 294 782 353 κακόνουνεῖναι
822 297 1183 370 Πολυεύκτῳ,
1230 305 1339 350 τῶν
1387 317 1440 349 τε
1489 298 1624 366 πρὸς
1663 297 1827 364 ἀλλή-

97 400 118 433 5
143 390 273 450 λους
304 385 657 455 ἐγκλημάτων
688 384 1037 454 ἀπηλλάχθαι
1069 385 1307 438 πάντων.
1363 387 1510 446 τίνος
1543 380 1645 438 οὖν
1677 382 1817 454 ἕνεχῗ

142 475 274 544 ὑμῖν
312 470 356 527 ὦ
401 475 599 542 ἄνδρες
645 471 894 526 δικασταὶ
940 469 1090 526 ταῦτ’
1136 468 1315 536 εἷπον;
1370 472 1452 525 ὄτι
1501 473 1601 540 τὴν
1638 469 1820 540 προῖκ’

141 562 210 618 οὐ
258 562 622 631 κομισάμενος
672 561 919 627 ἅπασαν,
969 557 1087 613 ἀλλ’
1141 561 1588 629 ὑπολειφθεισῶν
1635 563 1827 630 χιλίων

51 661 79 679 ”’·
142 652 399 721 δραχμῶν
450 648 541 703 καὶ
592 649 1046 719 ὁμολογηθεισῶν
1094 648 1418 718 ἀπολαβεῖν,
1470 647 1602 701 ὅταν
1641 647 1827 701 Πολύ-

140 758 329 801 ευκτος
366 737 649 809 ἀποθάνῃ,
693 735 825 801 τέως
872 734 973 807 μὲν
1020 737 1049 792 ὁ
1090 738 1415 808 Λεωκράτης
1455 733 1523 805 ἧν
1563 738 1827 806 κληρονό-

139 846 240 896 μος
276 835 386 880 τῶν
425 819 815 894 Πολυεύκτου,
854 827 989 896 πρὸς
1029 824 1241 879 ἐκεῖνον
1279 821 1350 894 ἧν
1389 845 1483 894 μοι
1522 826 1582 878 τὸ
1623 826 1828 893 συμβό-

140 919 320 968 λαιον·
373 913 559 983 ἐπειδὴ
600 911 652 967 δ’
701 913 731 966 ὅ
779 932 834 967 τε
875 915 1199 984 Λεωκράτης
1248 913 1663 984 ἐξεκεχωρήκειν
1702 911 1731 964 ὅ
1771 930 1826 964 τε

141 1003 489 1066 Πολύευκτος
527 1008 822 1073 μοχθηρῶς
861 998 990 1072 εἶχε,
1029 999 1308 1071 τηνικαῦτ’
1357 998 1399 1054 ὦ
1439 1002 1638 1070 ἄνδρες
1677 1000 1826 1052 δικα-

140 1089 261 1145 σταὶ
314 1093 413 1161 τὴν
469 1093 649 1145 οἰκίαν
703 1092 907 1160 ταύτην
961 1089 1305 1160 ἀποτιμῶμαι
1360 1092 1495 1160 πρὸς
1550 1089 1644 1151 τὰς
1699 1086 1827 1140 δέκα

139 1187 308 1249 μνᾶς,
358 1179 411 1244 ἐξ
459 1175 523 1249 ἧς
571 1180 866 1233 διακωλύει
914 1198 979 1248 με
1025 1180 1120 1242 τὰς
1169 1179 1470 1247 μισθώσεις
1509 1179 1828 1246 κομίζεσθαι

95 1284 116 1314 6
143 1270 438 1332 Σπουδίας.
501 1277 718 1337 πρῶτον
758 1266 858 1337 μὲν
899 1263 1002 1321 οὖν
1041 1267 1173 1337 ὑμῖν
1213 1267 1491 1338 μάρτυρας
1528 1265 1827 1335 παρέξομαι

140 1359 279 1420 τοὺς·
304 1355 810 1427 παραγενομένους,
858 1353 936 1409 ὅτ’
981 1356 1159 1425 ἠγγύα
1206 1374 1297 1424 μοι
1339 1355 1688 1415 Πολύευκτος
1729 1353 1827 1421 ,τὴν

139 1441 399 1513 θυγατέρ’
453 1442 539 1497 ἐπὶ
587 1446 979 1512 τετταράκοντα
1027 1454 1208 1512 μναῖς·
1258 1439 1437 1496 ἔπειθ’·
1487 1443 1558 1505 ὡς
1604 1444 1827 1494 ἔλαττον

63 1542 66 1545 ’
140 1542 255 1596 ταῖς
284 1535 484 1603 χιλιάις
515 1531 876 1601 ἐκομισάμην·
917 1535 994 1585 ἔτι
1036 1529 1086 1585 δ’
1126 1532 1197 1594 ὡς
1237 1532 1449 1585 ἅπαντα
1488 1532 1584 1583 τὸν
1625 1531 1828 1599 χρόνον

140 1621 384 1691 ὀφείλειν
430 1620 699 1689 ὡμολόγει
747 1640 839 1688 μοι
880 1622 1257 1688 Πολύευκτος,
1304 1618 1393 1672 καὶ
1433 1620 1531 1672 τὸν
1570 1619 1827 1686 Λεωκρά-

139 1730 240 1779 την
291 1708 613 1779 συνέστησε,
663 1707 753 1761 καὶ
799 1713 1066 1762 τελευτῶν
1127 1706 1339 1762 διέθεθ’
1396 1707 1561 1777 ὄρους
1612 1706 1825 1774 ἐπιστῆ-

141 1813 230 1852 σαι
270 1802 476 1868 χιλίων·
503 1799 761 1867 δραχμῶν
807 1795 927 1865 ἐμοὶ
966 1805 1059 1866 τῆς
1098 1800 1322 1866 προικὸς
1364 1794 1449 1849 ἐπὶ
1488 1796 1588 1863 τὴν
1631 1797 1824 1848 οἰκίαν.

139 1891 234 1942 καί
267 1890 369 1957 μοι
399 1887 550 1940 κάλει
590 1888 718 1948 τοὺς
757 1885 1046 1955 μάρτυρας.

811 2048 1141 2089 ΜΑΡΤΤΡΕΣ.
1848 2048 1960 2089 1030

94 2167 115 2200 '1
149 2165 152 2169 '
236 2151 336 2208 Ἓν
374 2150 474 2223 μὲν
513 2156 705 2207 τοίνυν
747 2148 789 2205 ὦ
829 2152 1027 2221 ἄνδρες
1078 2150 1327 2204 δικασταὶ
1366 2148 1512 2204 τοῦτ’
1560 2154 1708 2204 ἔστιν
1748 2144 1826 2201 ὧν

139 2241 346 2310 ἐγκαλῶ
381 2242 650 2312 Σπουδίᾳ.
728 2237 817 2293 καὶ
856 2237 979 2309 περὶ
1016 2241 1214 2293 τούτου
1254 2242 1310 2292 τί
1345 2238 1412 2292 ἂν
1455 2241 1531 2292 ἔτι
1571 2240 1755 2308 μεῖζον
1793 2238 1825 2307 ἢ

139 2333 494 2400 ἰσχυρότερον
534 2332 674 2399 ἔχων
714 2332 792 2391 εἰς
831 2329 972 2398 ὑμᾶς
1010 2326 1293 2398 κατέστην,
1332 2327 1364 2396 ἢ
1398 2330 1494 2381 τὸν
1534 2330 1729 2396 νόμον,
1768 2326 1826 2389 ὃς

138 2419 238 2472 οὐκ
285 2418 348 2490 ἐᾷ
395 2419 733 2487 διαρρήδην,
789 2418 890 2471 ὅσα
929 2438 1008 2480 τις
1056 2417 1417 2487 ἀπετίμησεν,
1464 2412 1606 2469 εἶναι
1653 2418 1825 2482 δίκας,

137 2504 253 2560 οὔτ’
310 2507 496 2568 αὐτοῖς
546 2506 671 2559 οὔτε
723 2515 836 2568 τοῖς
885 2508 1271 2576 κληρονόμοις;
1331 2502 1448 2557 ἀλλ’
1496 2503 1644 2573 ὅμως
1692 2509 1826 2571 πρὸς

92 2592 298 2648 ἢτοῦτο
345 2596 405 2648 τὸ
455 2596 671 2648 δίκαιον
722 2594 841 2662 ἥκει
884 2594 1168 2656 Σπουδίας
1208 2593 1655 2663 ἀμφισβητήσων.
1718 2591 1823 2644 ἕτε-

138 2703 238 2751 ρον
279 2679 330 2735 δ’
369 2678 411 2735 ὦ
444 2683 645 2750 ἄνδρες
677 2682 948 2748 δικασταί,
989 2682 1092 2735 δύο
1134 2678 1234 2750 μὲν
1274 2689 1411 2750 μνᾶς
1451 2680 1823 2749 ἐμαρτύρησεν

129 2767 507 2840 Ἀριστογένης
540 2770 791 2838 ἐγκαλεῖν
824 2766 1252 2840 ἀποθνῄσκοντα
1286 2769 1642 2822 Πολύευκτον
1675 2767 1822 2836 ὀφει-

135 2856 370 2928 λομένας
409 2858 567 2930 ἀὐτῷ
623 2858 769 2928 παρὰ
820 2858 1076 2929 Σπουδία
1129 2855 1220 2910 καὶ
1275 2859 1371 2911 τὸν
1423 2860 1586 2911 τόκον
1638 2854 1821 2909 (τοῦτο

135 2942 186 2998 δ’
224 2944 372 3000 ἐστὶν
406 2944 619 3000 οἰκέτου
652 2948 797 3015 τιμή,
837 2944 902 2998 ὃν
937 2944 1243 3013 ἐωνημένος
1277 2941 1436 3007 οὗτος
1467 2943 1612 3013 παρὰ
1640 2946 1822 2996 Πολυ-

1498 3035 1551 3072 1*
