2035 3158
145 146 253 199 228
691 144 784 187 Lv.
823 141 1287 185 AHMOmENo‘rz'

143 288 256 348 ρῶν
296 280 372 340 εἰς
412 279 470 331 τὸ
510 284 608 331 τοῦ
646 278 880 344 πλησιόν
912 278 1115 345 χωρίον
1150 274 1373 343 ἀφιείην
1403 275 1487 327 ἄν.
1542 275 1681 327 ὅπου
1720 275 1825 342 γὰρ

143 366 435 435 ἀτιμήτους
488 364 675 434 φεύγω
732 364 887 425 δίκας
941 364 1080 416 διότι
1136 364 1198 416 τὸ
1249 361 1307 416 ἐκ
1360 370 1454 431 τῆς
1506 362 1641 416 ὁδοῦ
1696 361 1825 431 ρ”έον

146 454 294 523 ὕδωρ
335 455 413 516 είς
450 453 510 506 τὸ
548 451 747 505 τούτου
786 453 989 521 χωρίον
1030 448 1271 518 διέπεσε,
1309 452 1366 503 τί
1399 453 1651 518 πείσομαι
1690 451 1826 518 πρὸς

146 542 283 603 Διὸς
335 540 442 593 ὑπὸ
498 548 607 592 τῶν
664 538 722 591 ἐκ
773 545 872 591 τοῦ
933 540 1138 607 χωρίου
1199 537 1407 605 τούμοῦ
1469 545 1567 591 τοῦ
1627 537 1827 598 ὕδατος

144 629 491 690 εἰσπεσόντος
529 624 946 696 βλαπτομένων;
989 624 1128 678 ὅπου
1170 621 1230 677 δὲ
1270 622 1390 694 μήτ’
1437 627 1514 687 είς
1552 625 1651 693 τὴν
1691 624 1825 678 ὁδὸν

144 713 265 785 μήτ’
312 717 389 779 εἰς
426 715 492 768 τὰ
530 711 688 785 χωρί’
729 711 953 781 ἀφιέναι
998 732 1091 781 μοι
1131 715 1191 766 τὸ
1231 712 1385 780 ὕδωρ
1428 711 1633 776 ἐξέσται
1673 710 1825 776 δεξα·

145 803 318 877 μένῳ,
375 806 433 857 τί
476 804 670 856 λοιπὸν
716 797 758 854 ὦ
807 801 1005 869 ἄνδρες
1060 799 1310 853 δικασταὶ
1363 802 1498 869 πρὸς
1543 805 1718 864 θεῶν;
1758 799 1825 853 οὐ
2012 831 2018 885 3

144 892 249 962 γὰρ
297 890 502 944 ἐκπιεῖν
549 909 608 958 γε
658 890 835 957 δήπου
882 906 947 957 με
988 889 1296 956 Καλλικλῆς
1342 888 1476 942 αὐτὸ
1515 901 1824 957 προσαναγ-
2007 901 2019 985 ³

82 995 121 1028 19
145 980 311 1033 κάσει.
387 989 535 1032 ταῦτα
580 981 748 1031 τοίνυν
794 977 887 1046 ἐγὼ
934 978 1133 1044 πάσχων
1178 977 1275 1029 ὑπὸ
1320 978 1507 1029 τούτων
1552 977 1634 1028 καὶ
1678 972 1820 1029 πόλλ’
1994 986 2021 1034 -3

143 1069 277 1137 ἕτερα
313 1069 395 1120 καὶ
434 1069 594 1134 δεινά,
633 1067 700 1134 μὴ
741 1087 812 1117 οτι
852 1067 996 1131 δίκην
1035 1068 1225 1133 λαβεῖν,
1265 1065 1382 1116 ἀλλὰ
1422 1065 1487 1131 μή
1526 1070 1824 1133 προσοφλεῖν
2012 1049 2035 1146 1³⁵3]

143 1151 444 1225 ἀγαπήσαιμ’
502 1155 578 1206 ἄν.
669 1154 720 1205 εί
771 1171 871 1220 μεν
927 1151 1029 1219 γὰρ
1091 1147 1162 1219 ἧν
1217 1147 1258 1203 ὦ
1315 1152 1513 1219 ἄνδρες
1575 1149 1952 1205 δικασταὶιΞΠ
2015 1153 2035 1224 ff

144 1242 389 1313 χαράδρα
426 1241 592 1294 πάλιν
631 1238 1026 1308 ὑποδεχομένη,
1068 1237 1180 1309 τάχ’
1229 1238 1298 1291 ἂν
1336 1238 1566 1307 ἠδίκουν
1606 1238 1711 1307 ἐγὼ
1751 1240 1824 1308 μὴ

147 1332 468 1400 δεχόμενος,
518 1329 699 1397 ὥσπερ
752 1325 838 1379 ἀν’
887 1324 1021 1396 ἕτερ’
1080 1327 1210 1379 ἅττα
1262 1335 1370 1378 τῶν
1420 1329 1634 1395 χωρίων
1685 1325 1826 1380 εἰσὶν

147 1418 581 1487 ὁμολογούμεναι
635 1415 924 1486 χαράδραι·
989 1413 1077 1468 καὶ
1140 1416 1360 1477 ταύταις
1421 1413 1671 1484 δέχονται
1725 1412 1825 1484 μὲν

147 1506 206 1560 οἷ
245 1515 472 1575 πρῶτοι,
520 1503 767 1570 καθάπερ
817 1505 944 1565 τοὺς
994 1502 1051 1555 ἐκ
1101 1511 1209 1554 τῶν
1250 1504 1440 1555 οἰκιῶν
1480 1501 1825 1572 χειμάρρους,

146 1594 291 1664 παρὰ
344 1593 553 1646 τούτων
609 1588 657 1643 δ’
721 1589 893 1659 ἕτεροι
956 1590 1486 1659 παραλαμβάνουσιν
1545 1589 1827 1653 ὡσαύτως·

147 1683 314 1753 ταύτῃ
370 1679 419 1734 δ’
476 1681 599 1733 οὔτε
661 1679 1042 1747 παραδίδωσιν
1097 1676 1280 1739 οὐδεὶς
1334 1678 1459 1730 οὔτε
1514 1674 1639 1745 παρ’
1694 1677 1828 1747 ἐμοῦ

84 1786 126 1819 20
148 1769 574 1840 παραλαμβάνει.
647 1775 760 1828 πῶς
810 1765 878 1818 ἂν
929 1761 1032 1819 οὖν
1090 1770 1170 1834 εἴη
1231 1773 1390 1819 τοῦτο
1448 1765 1716 1834 χαράδρας
1767 1767 1828 1819 τὸ

151 1855 204 1912 δ’
260 1858 515 1911 εἰσπεσὸν
577 1855 726 1922 ὕδωρ
792 1856 992 1922 ἔβλαψε
1056 1849 1154 1922 μὲν
1210 1849 1360 1921 οἶμαι
1413 1853 1674 1915 πολλάκις
1722 1854 1826 1922 ’ἤδη

148 1948 386 2008 πολλοὺς
416 1946 488 2014 μὴ
529 1940 963 2013 φυλαξαμένους,
1004 1943 1203 2009 ἔβλαψε
1245 1938 1305 1994 δὲ
1344 1939 1432 1994 καὶ
1472 1949 1577 1993 νῦν
1615 1949 1828 1995 τοῦτον.

151 2034 180 2089 ὃ
219 2032 309 2087 καὶ
347 2033 567 2087 πάντων
616 2029 727 2084 ἐστὶ
776 2031 1117 2097 δεινότατον,
1165 2030 1215 2081 εἰ
1253 2031 1561 2097 Καλλικλῆς
1604 2025 1708 2097 μὲν
1752 2030 1830 2091 εἰς

150 2125 213 2177 τὸ
250 2124 454 2193 χωρίον
493 2121 839 2181 εἰσπεσόντος
885 2126 981 2171 τοῦ
1030 2117 1226 2179 ὕδατος
1277 2116 1595 2186 ἁμαξιαίους
1634 2119 1830 2180 λίθους

150 2213 520 2281 προσκομίσας
573 2207 951 2275 ἀποικοδομεῖ,
1006 2213 1102 2258 τοῦ
1159 2202 1218 2257 δὲ
1272 2206 1490 2273 πατρὸς,
1544 2203 1628 2257 ὅτι
1666 2213 1828 2258 τοῦτο

151 2300 427 2360 παθόντος
479 2304 577 2350 τοῦ
631 2297 834 2365 χωρίου
887 2294 1394 2366 περιῳκοδόμησεν,
1448 2293 1520 2356 ὡς
1572 2291 1829 2347 ἀδικοῦν-

152 2406 243 2449 τος
289 2383 407 2453 ἐμοὶ
454 2384 660 2453 βλάβης
707 2387 885 2452 εἴληχε
936 2383 1108 2451 δίκην.
1179 2385 1353 2435 καίτοι
1392 2382 1444 2434 εί
1489 2381 1609 2434 ὅσοι
1656 2389 1831 2443 κακῶς

153 2475 497 2527 πεπόνθασιν
528 2471 634 2524 ὑπὸ
674 2480 782 2523 τῶν
812 2470 1031 2523 ὑδάτων
1071 2480 1179 2523 τῶν
1219 2470 1386 2539 ταύτῃ
1428 2469 1669 2538 ῥεόντων
1709 2467 1830 2536 ἐμοὶ

157 2561 409 2631 λήξονται
457 2561 634 2626 δίκας,
682 2555 813 2611 οὐδὲ
863 2558 1242 2611 πολλαπλάσια
1290 2559 1556 2625 γενόμενα
1602 2557 1666 2609 τὰ
1707 2554 1822 2609 ὄντ’

91 2666 132 2698 ²1
159 2647 493 2718 ἐξαρκέσειεν
532 2648 601 2700 ἄν
642 2666 749 2715 μοι.
829 2654 1094 2699 τοσοῦτον
1126 2648 1315 2698 τοίνυν
1348 2642 1707 2713 διαφέρουσιν
1737 2640 1830 2697 οὗ-

155 2757 240 2790 τοι
271 2746 380 2789 τῶν
413 2736 615 2804 ἄλλων,
656 2735 790 2788 ὥστε
822 2736 1159 2796 πεπονθότες
1197 2730 1296 2802 μὲν
1329 2729 1513 2800 οὐδὲν,
1545 2731 1617 2795 ὡς
1647 2729 1824 2802 αὐτίχ’

156 2824 290 2893 ὑμῖν
330 2822 434 2891 ἐγὼ
475 2832 660 2892 σαφῶς
700 2820 979 2890 ἐπιδείξω,
1026 2825 1244 2874 πολλῶν
1292 2817 1352 2873 δὲ
1397 2819 1572 2873 πολλὰ
1610 2818 1700 2873 καὶ
1739 2839 1830 2889 με-

158 2912 297 2980 γάλα
358 2908 781 2981 βεβλαμμένων,
843 2912 1003 2979 μόνοι
1067 2909 1382 2974 δικάζεσθαι
1441 2909 1831 2978 τετολμήκασιν
