2035 3158
535 147 693 188 ΚΑΤΑ
723 146 936 190 ΕΤΕΡΓ.
968 147 1073 188 ΚΑΙ
1103 147 1352 189 ΜΝΗΣΙΒ.
1386 147 1569 190 ΨΕΤΔ.
1799 147 1901 198 103

210 299 308 332 πον
345 282 415 342 εἰς
453 282 673 348 βάσανον
711 281 802 347 τὴν
845 288 1102 348 παροῦσαν
1141 291 1199 352 τῇ
1242 283 1397 354 μάχῃ,
1438 278 1505 333 ἵν’
1547 283 1659 354 εἴπῃ
1699 285 1902 349 βασανι-

211 361 388 429 ζομένη
425 363 626 430 πότερος
664 362 841 429 ἤρξατο
880 371 977 413 τῶν
1014 367 1247 430 πληγῶν,
1285 372 1435 413 ταῦτα
1475 361 1526 414 δὲ
1565 363 1901 430 προκαλουμέ-

206 450 304 493 ’νου
349 450 438 494 τοῦ
481 443 749 507 Θεοφήμου
797 442 878 493 καὶ
923 443 1283 510 παραδιδόντος
1336 444 1423 509 τὴν
1461 445 1772 511 θεράπαιναν
1810 444 1901 495 οὐκ

134 543 136 545 ’
211 521 418 584 ἐδέξατο.
481 522 614 584 τέλος
646 524 697 574 οἱ
724 521 812 588 μὲν
844 523 1065 574 δικασταὶ
1094 533 1154 595 τῇ
1188 527 1427 593 μαρτυρία
1457 524 1740 586 πεισθέντες
1779 522 1901 591 ὑπὲρ

216 603 482 669 Θεοφήμου
520 603 612 668 τὴν
649 596 830 670 ψῆφον
869 605 1059 666 ἔθεντο,
1099 604 1124 655 ὅ
1165 601 1215 656 δ’
1257 603 1488 670 ἡττηθεὶς
1525 610 1627 666 τοῖς
1666 606 1902 672 μάρτυσιν
1922 610 2035 648 1139

211 683 279 745 ὡς
314 683 645 750 ψευσαμένοις
684 686 938 746 δικάζεται.

323 889 520 951 Καλῶς
558 908 651 957 μοι
691 890 955 943 δοκοῦσιν
1002 889 1061 943 oc
1105 892 1268 959 νόμοι
1316 892 1461 961 ἔχειν
1502 887 1544 943 ὦ
1584 891 1783 960 ἄνδρες
1822 891 1903 942 δί-

211 979 434 1044 κασταί,
488 976 547 1030 οἰ
595 977 903 1031 ὑπόλοιπον
961 977 1147 1046 ἀγῶνα
1202 977 1503 1047 ᾀποδόντες
1556 987 1672 1041 ταῖς
1727 979 1904 1040 δίκαις

211 1066 309 1118 τὸν
339 1073 450 1118 τῶν
473 1066 990 1135 ψευδομαρτυριῶν,
1022 1063 1094 1118 ἵν’
1127 1071 1182 1118 εἴ
1205 1086 1286 1129 τις
1318 1067 1596 1137 μάρτυρας
1626 1067 1692 1120 τὰ
1723 1067 1901 1135 ψευδῆ

211 1162 625 1225 μαρτυροῦντας
663 1156 1080 1224 παρασχόμενος
1119 1154 1152 1223 ἢ
1191 1157 1520 1224 προκλήσεις
1566 1156 1638 1224 μὴ
1679 1153 1903 1224 γενομέ-

211 1261 310 1305 νας
347 1241 381 1312 ἢ
422 1244 723 1312 μαρτυρίας
763 1242 908 1311 παρὰ
952 1244 1048 1295 τὸν
1086 1244 1262 1311 νόμον
1303 1246 1747 1313 μαρτυρηθείσας
1787 1242 1904 1312 ἐξη-

210 1331 413 1399 πάτησε
445 1332 574 1392 τοὺς
606 1329 882 1397 δικαστάς,
915 1326 1088 1398 μηδὲν
1121 1330 1266 1402 αὐτῷ
1301 1329 1470 1384 πλέον
1504 1330 1745 1401 γένηται,
1776 1329 1895 1384 ἀλλ’

212 1418 649 1488 ἐπισκηψάμενος
686 1426 804 1479 ταῖς
843 1421 1168 1487 μαρτυρίαις
1208 1419 1237 1472 ὁ
1279 1418 1564 1488 ἀδικηθεὶς
1605 1417 1696 1472 καὶ
1734 1422 1905 1473 εἰσελ-

210 1508 334 1561 θὼν
373 1508 452 1570 εἰς
488 1506 632 1575 ὑμᾶς
667 1504 758 1559 καὶ
806 1505 1078 1570 ἐπιδείξας
1116 1505 1240 1576 περὶ
1287 1515 1388 1560 τοῦ
1426 1507 1740 1577 πράγματος
1776 1511 1906 1571 τοὺς

211 1596 491 1666 μάρτυρας
535 1595 601 1647 τὰ
645 1595 825 1663 ψευδῆ
865 1597 1372 1664 μεμαρτυρηκότας,
1410 1597 1559 1666 παρά
1595 1615 1653 1649 τε
1692 1597 1904 1650 τούτων

214 1685 374 1753 δίκην
414 1683 553 1754 λάβῃ
604 1682 695 1735 καὶ
742 1684 841 1736 τὸν
891 1685 1311 1752 προβαλόμενον
1351 1683 1622 1738 ὑπόδικον
1662 1686 1755 1755 ἔχῃ
1795 1695 1904 1738 τῶν

169 1781 596 1842 εκακοτεχνιῶν.
658 1768 764 1824 καὶ
796 1771 889 1824 διὰ
930 1780 1090 1824 τοῦτο
1138 1779 1212 1843 τῷ
1262 1769 1363 1841 μὲν
1404 1773 1662 1826 διώκοντι
1704 1772 1904 1826 ἐλάττω

213 1860 476 1932 ἐποίησαν
507 1861 572 1913 τὰ
605 1859 863 1929 ἐπιτίμια,
905 1859 1000 1912 ἐὰν
1033 1859 1263 1928 ἡττηθῇ,
1303 1861 1395 1912 ἵνα
1426 1862 1498 1930 μὴ
1541 1861 1632 1914 διὰ
1673 1862 1732 1915 τὸ
1772 1866 1906 1931 πλῆ-

211 1954 318 2012 θος
355 1946 765 2018 ἀποτρέπωνται
806 1948 1026 2000 διώκειν
1072 1950 1202 2011 τοὺς
1240 1948 1518 2019 μάρτυρας
1555 1959 1666 2003 τῶν
1704 1951 1907 2014 ψευδο-

211 2046 528 2108 μαρτυριῶν
579 2037 638 2090 οἱ
686 2035 1074 2105 ἀδικούμενοι,
1127 2045 1206 2109 τῷ
1255 2033 1315 2090 δὲ
1362 2038 1625 2106 φεύγοντι
1672 2040 1909 2108 μεγάλας

214 2124 492 2194 ἐπέθηκαν
529 2128 817 2195 τιμωρίας,
858 2124 955 2178 ἐὰν
996 2124 1109 2197 ἁλῷ
1150 2124 1240 2178 καὶ
1281 2126 1413 2196 δόξῃ
1452 2125 1595 2195 ὑμῖν.
1625 2128 1690 2180 τὰ
1727 2129 1904 2196 ψευδῆ

168 2239 193 2271 a
215 2211 699 2288 μεμαρτυρηκέναι.
787 2214 1010 2276 δικαίως
1064 2210 1105 2266 ὦ
1161 2214 1359 2283 ἄνδρες
1413 2215 1676 2268 δικασταί.
1752 2216 1908 2285 ὑμεῖς

214 2302 321 2371 γὰρ
375 2303 454 2363 εἰς
501 2303 630 2363 τοὺς
679 2301 959 2370 μάρτυρας
998 2300 1330 2370 βλέψαντες,
1380 2301 1472 2355 καὶ
1519 2305 1908 2367 πιστεύσαντες

216 2381 300 2452 οἷς
338 2387 408 2442 ἂν
455 2385 607 2442 οὑτοι
654 2391 1069 2458 μαρτυρήσωσι,
1115 2392 1444 2457 ψηφίζεσθε·
1493 2392 1584 2443 ἵνα
1625 2387 1727 2445 οὖν
1766 2390 1900 2461 μήθ’

215 2475 371 2546 ὑμεῖς
411 2475 749 2540 ἐξαπατᾶσθε
790 2474 924 2546 μήθ’
972 2477 1030 2530 οἱ
1070 2478 1335 2540 εἰσιόντες
1381 2480 1458 2541 εἰς
1496 2479 1637 2547 ὑμᾶς
1677 2478 1907 2532 ἀδικῶν-

218 2584 332 2626 ται,
379 2563 471 2618 διὰ
517 2561 666 2618 ταῦτ’
715 2564 918 2627 αὐτοὺς
962 2564 1261 2628 ὑποδίκους
1309 2565 1564 2635 ἐποίησεν
1604 2567 1633 2620 ὁ
1673 2567 1908 2637 νομοθέ-

217 2671 323 2720 της.
387 2650 579 2722 δέομαι
618 2649 668 2706 δ’
706 2652 863 2722 ὑμῶν
895 2652 1043 2721 κάγὼ
1084 2651 1196 2722 μετ’
1243 2654 1463 2717 εὐνοίας
1500 2675 1607 2724 μου
1640 2653 1908 2726 ἀκροάσα-
1930 2673 2035 2712 1144]

142 2775 147 2780 -
219 2745 355 2793 σθαι
407 2738 532 2810 περὶ
585 2748 684 2793 τοῦ
739 2740 1052 2811 πράγματος
1109 2740 1162 2805 ἐξ
1216 2741 1382 2812 ἀρχῆς
1428 2743 1666 2811 ἅπαντα,
1720 2740 1793 2797 ἵν’
1848 2743 1908 2798 ἐκ

219 2828 430 2881 τούτων
469 2829 646 2897 εἰδῆτε
688 2826 768 2881 ὄσ’
809 2827 915 2897 ἐγώ
955 2826 1000 2881 τ’
1039 2829 1318 2899 ἠδικήθην
1357 2829 1447 2884 καὶ
1488 2830 1908 2902 ἐξηπατήθησαν

129 2975 134 2977 Δ
219 2917 281 2968 οὗ
314 2915 562 2969 δικασταὶ
600 2915 690 2969 καὶ
730 2912 884 2970 οὗτοι
923 2917 987 2970 τὰ
1024 2918 1202 2987 ψευδῆ
1244 2917 1639 2988 ἐμαρτύρησαν.
