2035 3158
214 170 318 222 176
755 173 805 212 L.
854 169 1359 227 [ΔΗΜΟΣΘΕΝΟΤΣ]

210 323 324 356 νων
364 304 424 356 τὸ
463 300 624 372 μέρος
662 301 938 356 ἀπέδοσαν
984 309 1057 375 τῷ
1099 304 1465 375 Μνησιλόχῳ,
1510 300 1601 355 καὶ
1640 309 1739 356 τοῦ
1778 304 1889 355 λοι·
1909 310 2019 350 1220

209 398 319 444 ποῦ
368 392 574 460 χρόνου
629 390 730 444 ὅσα
784 389 957 443 ἐδεῖτο
1008 392 1085 452 εἰς
1129 390 1230 458 τὴν
1281 397 1422 443 ναῦν
1470 391 1889 459 συνανήλισκον.

210 481 306 530 καί
340 498 433 547 μοι
470 478 683 531 τούτων
722 476 1008 546 ἀνάγνωθι
1048 478 1146 546 τὴν
1187 481 1506 547 μαρτυρίαν.

895 639 1191 680 MAPTTPIA
1204 679 1208 682 ,

149 762 187 792 ω
311 739 467 804 Ἴσως
506 737 608 796 οὖν
649 739 690 794 ὦ
730 743 927 811 ἄνδρες
959 740 1208 795 δικασταὶ
1247 748 1470 796 ποθεῖτε
1511 741 1760 809 ἀκοῦσαι,
1799 741 1891 794 διὰ

210 830 269 880 τί
299 846 427 882 ποτε
468 828 498 883 ὁ
538 832 837 898 στρατηγὸς
865 829 969 883 ὀὐκ
1001 830 1264 898 ἠνάγκαζε
1304 838 1500 884 τοῦτον
1538 828 1892 899 παραλαμβά-

215 935 329 969 νειν
353 918 454 985 τὴν
486 926 647 986 ναῦν,
686 918 948 987 διάδοχον
980 918 1183 986 ἥκοντα
1215 915 1294 971 ἐπ’
1335 918 1525 987 αὐτήν,
1563 927 1672 971 τῶν
1703 919 1890 986 νόμων

212 1004 385 1067 οὕτως
410 1007 650 1074 ἰσχυρῶν
675 1006 868 1058 ὄντων.
930 1004 1052 1074 περὶ
1094 1006 1161 1075 δὴ
1201 1006 1412 1059 τούτων
1443 1007 1712 1075 βούλομαι
1750 1003 1891 1074 ὑμᾶς

213 1102 399 1161 σαφῶς
454 1093 669 1157 διδάξαι
723 1095 784 1147 τὸ
839 1099 1029 1147 αἴτιον.
1109 1096 1415 1164 Τιμόμαχος
1461 1094 1565 1163 γὰρ
1612 1089 1654 1146 ὦ
1693 1093 1892 1162 ἄνδρες

213 1179 460 1234 δικασταὶ
505 1191 722 1250 πρῶτον
769 1178 870 1251 μὲν
909 1181 1166 1250 ἐβούλετο
1218 1178 1280 1234 εὖ
1319 1179 1788 1252 κατεσκευασμένῃ
1825 1187 1890 1249 τῇ

147 1271 418 1337 μτριήρει
468 1271 603 1337 πρὸς
653 1270 863 1322 ἅπαντα
917 1275 1170 1340 χρῆσθαι.
1248 1268 1408 1340 ᾔδειν
1454 1265 1557 1323 οὖν
1601 1269 1686 1323 ὅτι
1731 1264 1892 1331 οὗτος

210 1353 311 1424 μὲν
364 1359 697 1427 παραλαβὼν
753 1358 924 1427 αὐτὴν
977 1367 1153 1421 κακῶς
1208 1361 1395 1427 ἔμελλε
1449 1358 1890 1427 τριηραρχήσειν·

211 1445 335 1498 οὔτε
386 1447 488 1513 γὰρ
543 1453 615 1518 τῷ
665 1449 1093 1515 τριηραρχήματι
1148 1446 1273 1499 οὔτε
1319 1456 1432 1509 τοῖς
1479 1446 1756 1515 ἐπιβάταις
1799 1443 1891 1498 καὶ

209 1540 272 1602 τῇ
321 1533 588 1606 ὑπηρεσία
641 1536 923 1604 χρήσοιτο·
979 1532 1161 1597 οὐδεὶς
1215 1535 1317 1603 γὰρ
1373 1534 1520 1606 αὐτῷ
1570 1542 1890 1603 παραμενοῖ.

207 1624 287 1675 ἔτι
328 1619 386 1675 δὲ
426 1624 561 1689 πρὸς
599 1623 837 1691 τούτοις,
879 1622 1039 1676 ὁπότε
1079 1623 1150 1692 μὴ
1192 1623 1382 1685 διδοὺς
1420 1621 1687 1691 ἀργύριον
1722 1637 1891 1691 προσ-

208 1711 389 1764 τάττοι
421 1715 596 1779 πλεῖν,
638 1710 736 1764 οὐκ
770 1713 994 1779 ἔμελλεν
1028 1709 1174 1782 αὐτῷ
1209 1709 1511 1774 ἀνάξεσθαι
1541 1711 1723 1780 ὥσπερ
1764 1709 1888 1779 ἐγώ,

210 1799 347 1852 ἀλλὰ
392 1799 680 1868 πράγματα
727 1797 994 1866 παρέξειν.
1070 1800 1206 1865 πρὸς
1257 1794 1318 1850 δὲ
1365 1798 1538 1871 τούτῳ
1591 1799 1889 1863 δανείζεται

208 1884 334 1954 παρ’
374 1887 545 1940 αὐτοῦ
576 1887 868 1955 τριάκοντα
901 1893 1056 1955 μνᾶς,
1097 1886 1234 1939 ὥστε
1265 1887 1338 1955 μὴ
1379 1885 1681 1955 ἀναγκάσαι
1719 1904 1890 1955 παρα-

146 1979 399 2044 ιελαβεῖν
452 1975 552 2044 τὴν
606 1982 762 2027 ναῦν.
841 1973 893 2038 ἐξ
943 1969 1019 2026 ὧν
1069 1971 1129 2027 δὲ
1184 1974 1416 2043 μάλιστά
1469 1994 1561 2043 μοι
1609 1973 1890 2043 ὀργισθεὶς

211 2062 464 2133 ἐπηρέαζε
513 2061 603 2116 καὶ
657 2059 787 2116 οὐδὲ
835 2065 1001 2131 λόγον
1050 2060 1301 2115 ἑκάστοτε
1349 2061 1538 2116 ἐδίδου
1585 2059 1716 2116 οὐδὲ
1764 2062 1887 2133 περὶ

211 2151 350 2219 ἑνός,
382 2153 651 2220 βούλομαι
683 2151 816 2220 ὑμῖν
849 2160 1035 2220 σαφῶς
1068 2151 1460 2219 διηγήσασθαι,
1493 2148 1563 2203 ἵν’
1596 2152 1773 2220 εἰδῆτε
1805 2151 1888 2204 ὅτι

210 2240 278 2294 οὐ
315 2239 437 2309 περὶ
476 2243 728 2302 πλείονος
769 2239 1069 2308 ἐποιούμην
1102 2240 1226 2292 οὔτε
1266 2240 1366 2308 τὴν
1405 2239 1642 2308 ἐμαυτοῦ
1682 2240 1887 2311 ῥᾳστώ-

210 2349 315 2397 νην
354 2328 414 2381 ἐν
446 2326 635 2401 ἐκείνῳ
674 2336 748 2400 τῷ
788 2330 969 2401 χρόνῳ
1004 2328 1126 2381 οὔτε
1167 2328 1267 2395 τὴν
1307 2326 1520 2381 ἐκείνου
1559 2328 1750 2397 ῥώμην
1787 2337 1886 2383 τοῦ

211 2419 389 2486 δήμου
427 2424 524 2469 τοῦ
557 2414 872 2485 Ἀθηναίων
909 2413 998 2468 καὶ
1038 2425 1149 2468 τῶν
1180 2418 1386 2485 νόμων,
1427 2414 1544 2468 ἀλλ’
1591 2417 1886 2486 ἠνειχόμην

209 2503 300 2558 καὶ
347 2508 486 2577 ἔργῳ
538 2503 896 2573 ἀδικούμενος
941 2502 1031 2556 καὶ
1073 2507 1217 2577 λόγῳ
1257 2507 1813 2573 προπηλακιζόμενος,
1851 2505 1884 2559 ἃ

142 2616 185 2647 ω
209 2598 392 2665 πολλῷ
433 2613 526 2662 μοι
558 2593 829 2661 βαρύτερα
868 2588 937 2660 ἦν
975 2601 1084 2644 τῶν
1123 2590 1510 2661 ἀναλωμάτων.
1573 2592 1644 2654 ὡς
1682 2593 1785 2662 γὰρ
1825 2592 1885 2647 έν

212 2683 374 2754 Θάσῳ
429 2678 703 2749 διατριβαὶ
757 2687 856 2732 τοῦ
904 2686 1167 2733 ναυτικοῦ
1216 2679 1528 2749 ἐγίγνοντο,
1580 2679 1885 2750 ἀφικνεῖται

209 2771 268 2824 ἐκ
318 2771 596 2837 Μεθώνης
650 2776 742 2836 τῆς
790 2770 1143 2830 Μακεδονίας
1191 2769 1518 2837 ὑπηρετικὸν
1572 2771 1649 2831 εἰς
1699 2770 1885 2823 Θάσον

207 2861 347 2927 ἄγον
385 2858 560 2927 ἄνδρα
591 2855 681 2909 καὶ
721 2855 1007 2919 ἐπιστολὰς
1044 2856 1190 2925 παρὰ
1222 2857 1637 2926 Καλλιστράτου
1678 2857 1751 2920 ὡς
1795 2860 1885 2911 Τι-

205 2949 474 3016 μόμαχον,
516 2944 575 2998 ἐν
615 2937 699 3007 αἷς
735 2941 823 3013 ἦν,
863 2944 935 3007 ὡς
973 2943 1206 3014 ὕστερον
1237 2943 1341 3013 ἐγὼ
1381 2942 1530 2999 ταῦτ’
1577 2943 1883 3014 ἐπυθόμην,
