2035 3158
254 139 362 190 14ss
726 140 882 180 xmx.
932 136 1436 196 [ΔΗΜοΣΘεΝ-οτε]

255 270 538 324 ἐκέλευσεν
577 270 746 324 αὐτὸν
785 277 980 340 χρῆσαι
1026 273 1204 340 χιλίας
1248 272 1560 340 τριακοσίας
1595 273 1931 339 πεντήκοντα

255 360 386 426 μίαν
437 355 524 411 δύ’
570 357 774 427 ὀβολώ·
820 359 1088 412 τοσούτου
1127 359 1230 426 γὰρ
1271 360 1373 427 ἔφη
1412 358 1802 427 προσδεῖσθαι·
1841 356 1932 412 καὶ
1976 394 2004 423 4

256 446 453 498 δοῦναι
492 444 774 498 ἐκέλευσεν
815 442 1114 518 Ἀντιμάχῳ
1161 452 1234 516 τῷ
1283 447 1448 516 ταμίᾳ
1483 451 1557 515 τῷ
1597 443 1827 514 ἑαυτοῦ,
1873 445 1933 509 ὃς
2000 486 2009 491 „

209 548 229 579 7
255 532 429 605 τούτῳ
470 530 655 605 διςόκει
695 535 814 586 τότε
853 533 1040 585 πάντα.
1104 530 1192 584 καὶ
1233 532 1261 586 ὁ
1302 529 1402 600 μὲν
1443 532 1833 602 δανεισάμενος
1868 535 1930 587 τὸ
1999 524 2002 527 Δ

254 618 520 689 ἀργύριον
557 620 702 688 παρὰ
742 628 841 673 τοῦ
878 621 1078 687 πατρὸς
1116 628 1215 673 τοῦ
1255 618 1389 688 ἐμοῦ
1428 622 1697 689 Τιμόθεος
1733 617 1804 689 ἦν
1841 618 1933 674 καὶ

254 708 510 769 κελεύσας
549 709 744 761 δοῦναι
778 704 1079 780 Ἀντιμάχῳ
1119 715 1192 778 τῷ
1232 710 1393 778 ταμίᾳ
1429 714 1503 780 τῷ
1545 705 1762 775 ἑαυτοῦ,
1801 708 1831 762 ὁ
1870 705 1933 761 δὲ

255 795 439 862 λαβὼν
485 797 546 849 τὸ
594 794 860 865 ἀργύριον
907 794 1011 847 ἀπὸ
1059 803 1151 863 τῆς
1199 793 1455 865 τραπέζης
1492 796 1638 865 παρὰ
1679 798 1933 865 Φορμίω-

256 901 350 944 νος
380 881 720 950 Αὐτόνομος,
752 882 918 950 ὅσπερ
946 880 1245 955 Ἀντιμάχῳ
1280 881 1502 936 διετέλει
1537 884 1933 953 γραμματεύων
2011 918 2017 921 -

209 985 231 1019 8
256 970 352 1022 τὸν
404 970 614 1022 ἅπαντα
660 973 877 1040 χρόνον.
948 969 1213 1032 δοθέντος
1259 974 1450 1024 τοίνυν
1497 979 1595 1024 τοῦ
1646 970 1934 1040 ἀργυρίου,
2008 1008 2010 1034 3

256 1056 529 1126 ἐγράψατο
568 1054 668 1126 μὲν
708 1057 1000 1126 ὀφείλοντα
1039 1059 1134 1111 τὸν
1166 1058 1498 1110 κελεύσαντα
1537 1065 1731 1127 χρῆσαι
1771 1060 1934 1127 Τιμό-

255 1151 423 1215 θεον,
475 1144 769 1214 ὑπόμνημα
820 1141 868 1198 δ’
926 1144 1228 1213 ἐγράψατο,
1282 1139 1323 1216 ᾦ
1371 1165 1427 1198 τε
1479 1141 1639 1208 οὗτος
1686 1144 1932 1199 ἐκέλευσε

257 1234 489 1302 δοῦναι,
530 1230 862 1305 Ἀντιμάχῳ,
912 1231 1001 1285 καὶ
1050 1232 1114 1285 ὃν
1161 1232 1191 1287 ὁ
1226 1229 1542 1302 Ἀντίμαχος
1588 1231 1935 1302 συνέπεμψεν
2002 1223 2011 1245 ⁵

257 1319 343 1374 ἐπὶ
381 1321 481 1390 τὴν
519 1320 786 1389 τράπεζαν
834 1323 1147 1389 ληψόμενον
1184 1322 1246 1374 τὸ
1286 1319 1584 1390 ἀργύριον,
1623 1322 1720 1375 τὸν
1758 1321 1934 1374 Αὐτό-

256 1429 452 1478 νομον,
491 1408 585 1470 τὰς
623 1412 796 1478 χιλίας
835 1412 1147 1477 τριακοσίας
1187 1409 1428 1478 δραχμὰς
1466 1407 1555 1461 καὶ
1597 1412 1934 1477 πεντήκοντα

256 1494 345 1550 καὶ
377 1499 508 1566 μιάν
539 1494 629 1548 καὶ
664 1493 757 1549 δύ’
790 1495 985 1564 ὀβολώ.
1046 1497 1108 1549 τὸ
1141 1492 1241 1564 μὲν
1274 1499 1465 1549 τοίνυν
1496 1505 1713 1564 πρῶτον
1744 1495 1933 1567 χρέως,
1954 1507 2005 1547 u

256 1584 285 1638 ὃ
341 1582 583 1637 ἐκπλέων
645 1585 803 1653 ἔλαβε
865 1592 1181 1652 στρατηγῶν
1242 1585 1302 1636 τὸ
1356 1582 1618 1654 ὕστερον,
1669 1592 1935 1638 τοσοῦτον

259 1672 481 1742 ὀφείλει.

214 1779 235 1811 9
363 1757 582 1829 Ἐπειδὴ
635 1756 684 1813 δ’
732 1758 1197 1829 ἀπεχειροτονήθη
1237 1756 1337 1828 μὲν
1375 1758 1470 1828 ὑφ’
1516 1759 1673 1828 ὑμῶν
1712 1773 1937 1829 στρατη-

260 1850 354 1916 γὸς
393 1848 484 1901 διὰ
523 1849 583 1901 τὸ
623 1849 695 1917 μὴ
735 1852 1091 1917 περιπλεῦσαι
1131 1848 1590 1915 Πελοπόννησον,
1637 1845 1724 1900 ἐπὶ
1762 1851 1936 1917 κρίσει

261 1933 322 1989 δὲ
359 1934 692 2005 παρεδέδοτο
738 1937 816 1997 εἰς
853 1936 950 1988 τὸν
991 1936 1165 2002 δῆμον
1217 1936 1389 1996 αι’τιάς
1427 1942 1519 2003 τῆς
1556 1938 1809 2003 μεγίστης
1846 1955 1937 1989 τυ-

260 2025 391 2093 χών,
431 2022 734 2093 ἐφειστήκει
775 2019 823 2075 δ’
870 2021 1014 2092 αὐτῷ
1049 2024 1455 2090 Καλλίστρατος
1494 2019 1582 2074 καὶ
1616 2018 1938 2092 Ἰφικράτης,

261 2119 334 2182 τῷ
374 2130 431 2164 τε
470 2111 727 2181 πράττειν
764 2108 855 2162 καὶ
895 2111 1067 2162 εἰπεῖν
1107 2110 1436 2177 δυνάμενοι,
1477 2110 1619 2162 οὕτω
1659 2106 1719 2162 δὲ
1760 2109 1938 2163 διέθε-

263 2201 366 2252 σαν
397 2199 537 2268 ὑμᾶς
567 2205 998 2266 κατηγοροῦντες
1029 2198 1228 2250 τούτου
1267 2196 1431 2250 αὐτοί
1464 2216 1519 2249 τε
1551 2194 1641 2249 καὶ
1681 2197 1740 2251 οἶ
1772 2212 1938 2251 συνα-

197 2307 238 2339 10
263 2288 585 2357 γορεύοντες
631 2287 842 2351 αὐτοῖς,
889 2281 1015 2337 ὥστ’
1059 2283 1383 2354 Ἀντίμαχον
1421 2281 1522 2354 μὲν
1572 2288 1770 2353 ταμίαν
1809 2287 1939 2339 ὄντα

263 2372 351 2428 καὶ
412 2376 704 2427 πιστότατα
759 2374 1104 2441 διακείμενον
1157 2375 1363 2446 τούτῳ,
1417 2375 1698 2440 κρίναντες
1750 2371 1811 2426 ἐν
1863 2380 1938 2445 τῷ

264 2463 418 2535 δήμῳ
465 2460 808 2514 ἀπεκτείνατε
854 2459 944 2513 καὶ
990 2461 1089 2528 τὴν
1138 2460 1334 2513 οὐσίαν
1381 2459 1551 2513 αὐτοῦ
1591 2459 1941 2528 ἐδημεύσατε,

266 2549 432 2603 αὐτὸν
466 2545 526 2602 δὲ
556 2557 754 2602 τοῦτον
789 2546 1184 2616 ἐξαιτουμένων
1224 2557 1333 2600 τῶν
1373 2547 1694 2616 ἐπιτηδείων
1732 2545 1823 2600 καὶ
1863 2549 1941 2600 οἰ-

265 2640 427 2690 κείων
477 2637 647 2689 αὐτοῦ
699 2635 985 2703 ἁπάντων,
1037 2638 1112 2687 ἔτι
1162 2631 1221 2688 δὲ
1261 2632 1515 2687 Ἀλκέτου
1561 2632 1650 2687 καὶ
1684 2631 1942 2704 Ἰάσονος,

267 2724 565 2793 συμμάχων
606 2725 783 2777 ὄντων
831 2724 988 2792 ὑμῖν,
1036 2725 1190 2791 μόλις
1236 2719 1337 2791 μὲν
1377 2721 1662 2790 ἐπείσθητε
1701 2721 1943 2792 ἀφεῖναι,

202 2836 240 2867 u
267 2820 671 2881 στρατηγοῦντα
720 2808 768 2864 δ’
817 2811 983 2864 αὐτὸν
1031 2810 1323 2878 ἐπαύσατε,
1365 2839 1428 2846 -
1474 2809 1534 2862 ἐν
1572 2810 1846 2872 τοιαύταις
1884 2807 1936 2863 δ’

268 2901 344 2952 ὢν
386 2901 666 2968 διαβολαῖς
705 2897 795 2952 καὶ
828 2899 1027 2969 ἀπορία
1057 2897 1349 2967 χρημάτων
1386 2900 1583 2966 πολλῇ·
1623 2897 1656 2965 ἡ
1697 2893 1798 2966 μὲν
1836 2897 1943 2966 γὰρ
