2035 3158
81 370 124 404 29

85 1248 128 1280 30

88 2126 131 2160 ³1

148 135 254 188 198
647 135 770 179 Lm.
821 132 1326 191 [ΔΗΜΟΣΘΕΝΟΤΣ]

147 269 282 322 ἄλλο
321 264 497 337 μηδὲν
533 273 757 334 ποιῆσαι
796 265 829 334 ἢ
871 265 1192 335 ἐξορκῶσαι,
1238 264 1446 334 ἀνάγκη
1493 263 1637 337 αὐτῷ
1677 268 1826 319 ἔσται

147 359 331 409 πίστιν
382 354 657 408 ἐπιθεῖναι
707 353 777 423 ἣν
827 353 897 407 ἂν
945 355 1141 424 κελεύῃ
1192 349 1366 415 οὗτος.
1439 354 1620 405 ἔπειτα
1665 354 1756 406 ἵνα
1795 352 1826 407 6

150 443 496 513 Κηφισιάδης
547 444 640 513 ἔχῃ
690 444 751 495 τὸ
802 441 1099 511 ἀργύριον,
1148 442 1443 511 ἄνθρωπος
1480 438 1755 509 μέτοικος,
1792 438 1826 508 ἢ

152 535 434 601 Φορμίων,
473 529 539 584 ὅν
578 546 749 599 φησιν
797 528 1197 599 ἀπαληλιφέναι
1234 549 1286 582 τι
1327 525 1486 590 οὗτος
1523 536 1621 581 τοῦ
1660 527 1828 598 ἀργυ-

149 706 364 774 βιάδης;
420 706 520 760 οὐκ
572 708 631 760 ἔκ
681 724 741 773 γε
794 713 904 757 τῶν
955 706 1181 758 εἰκότων
1232 701 1272 757 ὦ
1324 705 1519 772 ἄνδρες
1565 704 1827 756 δικασταί.

151 794 217 847 οὐ
257 794 360 863 γὰρ
402 792 556 857 ἄξιον
597 794 720 847 οὔτε
754 789 1110 862 Ἀρχεβιάδου
1142 798 1336 845 κακίαν
1368 792 1631 860 οὐδεμίαν
1670 810 1828 844 κατα-

151 891 358 951 γνῶναι
391 882 516 936 οὔτε
548 889 646 935 τοῦ
676 883 877 948 πατρὸς
907 889 1006 934 τοῦ
1037 879 1322 949 ἡμετέρου·
1354 881 1495 933 πολὺ
1527 880 1630 948 γὰρ
1662 878 1829 932 αὐτὸν

150 971 444 1039 φιλότιμον
499 974 610 1022 ἴστε
665 973 874 1037 μᾶλλον
929 969 1060 1020 ὄντα
1113 966 1146 1037 ἢ
1201 969 1369 1020 κακόν
1422 986 1473 1019 τι
1523 966 1555 1035 ἣ
1603 968 1829 1036 αἰσχρὸν

151 1056 560 1126 ἐπιτηδεύοντα,
606 1056 697 1109 καὶ
735 1058 869 1126 πρὸς
907 1056 1230 1109 Κάλλιππον
1269 1055 1367 1126 οὐχ
1409 1055 1580 1116 οὕτως
1618 1056 1830 1123 ἔχοντα,

153 1145 288 1198 ὥστε
338 1146 827 1213 καταφρονήσαντα
877 1143 1075 1195 τούτου
1127 1141 1379 1209 ἀδικῆσαι
1429 1142 1498 1194 ἄν
1547 1160 1598 1193 τι
1645 1141 1830 1195 αὐτόν.

153 1232 220 1286 οὐ
259 1232 362 1302 γὰρ
404 1232 545 1285 οὕτω
586 1251 679 1301 μοι
721 1232 875 1284 δοκεῖ
911 1231 1213 1298 δύνασθαι,
1253 1225 1380 1282 ὥστ’
1427 1227 1830 1298 εὐκαταφρόνη-

152 1340 243 1382 τος
291 1316 461 1387 εἶναι,
513 1318 571 1381 ὃς
620 1318 795 1381 οὕτως
852 1316 1160 1387 ἐρρωμένος
1213 1317 1390 1385 ἐστίν,
1450 1317 1584 1370 ὥστε
1634 1316 1836 1387 πέρυσί

153 1428 246 1476 μοι
284 1409 467 1478 λαχὼν
505 1408 604 1476 τὴν
646 1408 806 1475 δίκην
845 1404 1069 1474 ταυτηνὶ
1117 1404 1206 1459 καὶ
1245 1405 1717 1474 προκαλεσάμενος
1753 1412 1828 1477 τῷ

157 1498 462 1565 Λυσιθείδῃ
511 1493 818 1562 ἐπιτρέψαι,
873 1493 978 1562 ἐγὼ
1033 1491 1133 1563 μὲν
1185 1497 1376 1562 καίπερ
1422 1511 1831 1563 καταπεφρονη-

155 1582 315 1653 μένος
353 1581 443 1636 ὑπ’
490 1583 661 1636 αὐτοῦ
700 1585 861 1636 τοῦτό
893 1602 954 1650 γε
995 1581 1177 1650 ὀρθῶς
1217 1581 1649 1650 ἐβουλευσάμην·
1696 1581 1831 1634 κατὰ

154 1674 281 1734 τοὺς
329 1674 535 1740 νόμους
585 1671 687 1740 γὰρ
748 1668 1013 1739 ἐπέτρεψα
1072 1668 1161 1722 καὶ
1220 1669 1496 1738 ἀπήνεγκα
1546 1670 1681 1738 πρὸς
1730 1671 1833 1738 τὴν

155 1759 350 1829 ἀρχήν·
392 1755 550 1821 οὗτος
591 1755 651 1811 δὲ
688 1760 785 1812 τὸν
824 1758 958 1811 κατὰ
989 1760 1117 1821 τοὺς
1147 1761 1353 1827 νόμους
1392 1755 1833 1826 ἀπενηνεγμένον

157 1848 437 1916 διαιτητὴν
485 1849 698 1900 ἐπεισεν
745 1845 1031 1915 ἀνώμοτον
1081 1847 1380 1914 διαιτῆσαι,
1427 1844 1560 1914 ἐμοῦ
1607 1846 1833 1914 διαμαρ-

157 1933 460 2003 τυρομένου
507 1935 641 1987 κατὰ
687 1935 815 1996 τοὺς
867 1935 1072 2002 νόμους
1126 1933 1401 2001 ὀμόσαντα
1457 1934 1696 2000 διαιτᾶν,
1742 1933 1834 1985 ἵνα

157 2023 301 2075 αὐτω
343 2025 377 2093 ᾐ
417 2023 552 2091 πρὸς
590 2021 731 2090 ὑμᾶς
769 2019 975 2090 λέγειν,
1023 2021 1106 2074 ὅτι
1153 2019 1242 2074 καὶ
1282 2021 1649 2089 Λυσιθείδης,
1696 2019 1833 2114 ἀνὴρ

155 2112 319 2173 καλὸς
358 2109 626 2178 κάγαθὸς,
667 2112 807 2177 ἔγνω
846 2108 971 2178 περὶ
1011 2109 1207 2162 αὐτῶν.
1285 2109 1624 2177 Λυσιθείδης
1655 2109 1758 2177 γὰρ
1792 2105 1833 2162 ὦ

156 2200 353 2269 ἄνδρες
392 2199 667 2267 δικασταί,
715 2197 816 2260 ἕως
862 2218 962 2266 μεν
1003 2197 1030 2251 6
1070 2198 1244 2266 πατὴρ
1286 2199 1399 2265 ἐζη,
1445 2194 1535 2248 καὶ
1574 2197 1706 2249 ἄνευ
1745 2197 1835 2265 ὅρ-

156 2307 257 2340 κου
305 2284 396 2339 καὶ
446 2282 570 2354 μεθ’
618 2285 787 2355 ὅρκου
840 2291 968 2348 ι”σως
1019 2285 1087 2338 ἂν
1140 2285 1239 2338 οὐκ
1288 2285 1549 2354 ἠδίκησεν
1599 2284 1834 2338 ἐκεῖνον·

157 2378 310 2443 ἔμελε
364 2374 468 2442 γὰρ
524 2374 668 2446 αὐτῷ
726 2373 953 2427 ἐκείνου.
1032 2372 1166 2442 ἐμοῦ
1220 2370 1281 2427 δὲ
1335 2374 1467 2426 ἄνευ
1517 2370 1618 2442 μὲν
1668 2373 1836 2441 ὅρκου

159 2458 324 2516 οὐδὲν
364 2461 507 2533 αὐτῷ
558 2463 738 2530 ἔμελε,
786 2458 910 2530 μεθ’
959 2462 1126 2531 ὅρκου
1176 2458 1236 2514 δὲ
1285 2467 1412 2523 ἴσως
1459 2460 1527 2514 ἂν
1573 2459 1674 2514 οὐκ
1718 2460 1837 2530 ἡδί·

156 2563 287 2619 κησε
330 2549 420 2602 διὰ
459 2551 519 2603 τὸ
553 2549 724 2603 αὑτοῦ
758 2551 925 2603 ἴδιον·
967 2551 1157 2619 διόπερ
1197 2549 1476 2619 ἀνώμοτος
1507 2547 1836 2619 ἀπεφήνατο.

159 2638 231 2700 ὡς
270 2634 331 2690 δὲ
371 2636 550 2706 ἀληθῆ
591 2636 756 2707 λέγω,
803 2635 893 2691 καὶ
937 2638 1149 2693 τούτων
1193 2637 1326 2709 ὑμῖν
1371 2639 1499 2700 τοὺς
1535 2655 1837 2706 παραγενο-

160 2722 358 2793 μένους
396 2726 671 2797 μάρτυρας
707 2724 1021 2798 παρέξομαι.

1997 614 2035 647 ,λῃ

149 621 293 688 ρίου,
331 621 702 686 πεισθήσεσθε
750 616 904 685 ὑμεῖς
953 618 1025 680 ὡς
1063 616 1436 687 ἐπιορκήσειεν
1476 615 1544 668 ἂν
1585 615 1613 669 ὁ
1647 611 1958 685 'Aple-1244
2004 641 2020 702 ἐ
