2035 3158
124 291 419 366 Ἀριστόνῳ
451 300 542 365 ,τῷ
595 295 828 346 Δεκελεῖ
879 291 968 346 καὶ
1013 290 1340 363 Ἀρχεβιάδῃ
1368 299 1457 364 τῷ
1491 295 1816 361 -Λαμπτρεῖ,

130 381 425 449 ἄνθρωπος
464 379 532 433 δέ
562 400 644 443 τις
683 381 936 451 σώφρων.
999 377 1160 443 οὗτος
1192 380 1377 449 ἐπειδὴ
1411 379 1628 433 ἐκπλεῖν
1660 381 1813 448 ἔμελ’

131 472 228 522 λεν
266 470 344 532 εἰς
380 470 480 537 τὴν
519 469 764 538 Λιβύην,
812 470 1263 537 διαλογισάμενος
1300 471 1436 538 πρὸς
1473 470 1570 521 τὸν
1608 466 1813 537 πατέρα

131 558 228 611 τὸν
278 555 410 626 ἐμὸν
462 556 714 610 ε’ναντίον
739 545 1109 627 .Ἀρχεβιάδου
1157 555 1246 609 καὶ
1295 559 1575 626 Φρασίου,
1619 553 1811 625 προσέ-

131 643 254 708 ταξε
292 646 354 698 τὸ
393 643 661 714 ἀργύριον
700 644 729 698 ὃ
767 644 1083 698 κατέλειπεν
1116 641 1209 716 (ἦν
1243 643 1303 697 δὲ
1335 652 1496 697 τοῦτο
1530 642 1816 697 ἑκκαίδεκα

132 742 269 801 μναῖ
312 730 403 785 καὶ
451 733 844 802 τετταράκοντα
895 735 1160 803 δραχμαί,
1212 733 1283 796 ὡς
1334 732 1438 801 ἐγὼ
1490 732 1624 801 ὑμῖν
1656 728 1817 784 πάνυ

133 819 369 890 ἀκριβῶς
417 818 693 890 ἐπιδείξω)
745 822 1063 892 Κηφισιάδῃ
1123 801 1456 888 ἀποδοῗῦναι,
1507 818 1684 888 λέγων
1732 818 1816 872 ὅτι

133 911 400 971 κοινωνὸς
438 914 520 978 εἴη
561 909 733 963 αὐτοῦ
772 910 801 963 ὁ
836 911 1183 979 Κηφισιάδης
1223 906 1400 976 οὗτος,
1440 910 1674 978 οἰκήτωρ
1714 904 1818 976 μὲν

134 997 212 1050 ὢν
250 995 311 1059 ἐν
348 998 571 1070 Σκύρῳ,
611 997 671 1050 ἐν
711 995 771 1050 δὲ
811 1005 883 1069 τῷ
925 1001 1155 1067 παρόντι
1197 995 1279 1067 ἐφ’
1320 996 1475 1069 ἑτέρᾳ
1515 996 1816 1065 ἀποδημῶν

88 1110 108 1141 4
134 1084 380 1157 ἐμπορίᾳ.
442 1085 614 1150 δεῖξαι
655 1082 706 1139 δ’
746 1085 915 1140 αὐτὸν
946 1094 1020 1158 τῷ
1054 1084 1214 1156 πατρὶ
1248 1093 1321 1157 τῷ
1357 1085 1465 1157 ἐμῷ
1499 1083 1588 1137 καὶ
1621 1092 1844 1151 συστῆ-’

133 1186 224 1225 σαι
262 1180 338 1245 τῷ·
372 1170 694 1245 Ἀρχεβιάδῃ
734 1173 822 1227 καὶ
863 1183 936 1246 τςό
982 1178 1200 1245 Φρασίᾳ
1240 1172 1589 1244 προσέταξεν,
1628 1172 1814 1241 ἐπειδὴ

135 1261 255 1329 ἥκοι
297 1261 356 1315 ἐκ
393 1269 488 1330 τῆς
527 1261 846 1332 ἀποδημίας.
919 1264 1149 1315 εἰώθασι
1190 1258 1249 1315 δὲ
1296 1261 1494 1324 πάντες
1532 1261 1591 1314 οἱ
1624 1279 1816 1331 τραπε·
1885 1280 1887 1282 ·

91 1410 96 1414 ἡ
133 1345 288 1418 ζῖται,
329 1350 459 1404 ὅταν
498 1371 578 1414 τις
616 1350 884 1421 ἀργύριον
932 1348 1105 1411 τιθεὶς
1146 1351 1365 1418 ἰδιώτης
1404 1348 1716 1402 ἀποδοῦναί
1741 1369 1815 1421 τῳ

132 1438 455 1509 προστάττῃ,
485 1448 704 1509 πρῶτον
728 1436 828 1508 μὲν
854 1447 953 1492 τοῦ
982 1437 1179 1500 θέντος
1202 1438 1444 1507 τοῦνομα
1469 1437 1702 1507 γράφειν
1725 1435 1814 1490 καὶ

133 1527 194 1579 τὸ
233 1526 533 1596 κεφάλαιον
571 1536 671 1581 τοῦ
709 1526 1006 1595 ἀργυριόυ,
1054 1530 1236 1579 ἔπειτα
1283 1526 1667 1595 παραγράφειν
1714 1524 1949 1597 “τῷ123”τ·’

135 1615 276 1668 δεῖνι
323 1613 630 1669 ἀποδοῦναι
690 1615 818 1680 δεῖ,’
866 1613 956 1667 καὶ
1015 1614 1109 1667 ἐὰν
1167 1610 1268 1683 μὲν
1323 1615 1668 1682 γιγνώσκωσι
1716 1614 1815 1681 τὴν

135 1703 266 1767 ὄψιν
304 1710 403 1757 τοῦ
424 1701 745 1772 ,ἀνθρώπου
778 1697 820 1774 ᾧ
855 1702 923 1755 ἂν
956 1701 1052 1772 δέῃ
1085 1701 1411 1770 ἀποδοῦναι,
1450 1710 1683 1755 τοσοῦτο
1721 1704 1817 1770 μό-

133 1811 237 1845 νον
267 1801 467 1859 ποιεῖν,
498 1791 702 1859 γράψαι
735 1785 776 1862 ᾧ
812 1792 900 1843 δεῖ
928 1789 1252 1858 ἀποδοῦναι,
1293 1789 1389 1843 ἐὰν
1422 1785 1482 1842 δὲ
1514 1791 1587 1858 μὴ
1619 1790 1816 1858 γιγνώ-

136 1894 331 1948 σκωσι,
377 1878 468 1932 καὶ
515 1880 715 1956 τούτου
762 1880 1005 1948 τοῦνομα
1052 1878 1605 1948 προσπαραγράφειν,
1651 1876 1711 1940 ὃς
1748 1876 1817 1930 ἂν

136 1965 304 2039 μέλλῃ
343 1956 635 2037 συστήσειν
667 1965 756 2020 καὶ
790 1966 987 2031 δείξειν
1019 1969 1116 2020 τὸν
1148 1967 1468 2036 ἄνθρωπον,
1507 1965 1572 2019 ὃν
1611 1965 1680 2019 ἂν
1721 1965 1817 2037 δέῃ

91 2079 111 2109 5
136 2060 470 2126 κομίσασθαι
508 2059 568 2110 τὸ
608 2055 889 2125 ἀργύριον.
951 2056 1115 2126 τύχης
1155 2051 1214 2107 δὲ
1255 2054 1535 2123 συμβάσης
1565 2054 1822 2123 τοιαύτης

136 2153 210 2217 τῷ
251 2147 478 2199 Λύκωνι
517 2145 718 2215 τούτῳ,
767 2144 901 2196 ὥστε
942 2142 1113 2205 εὐθὺς
1152 2140 1447 2196 ἐκπλέοντα
1487 2141 1656 2195 αὐτὸν
1694 2140 1819 2213 περὶ

137 2236 235 2288 τὸν
280 2231 601 2303 Ἀργολικὸν
655 2234 861 2285 κόλπον
920 2231 1027 2284 ὑπὸ
1083 2231 1392 2301 λῃστρίδων
1448 2238 1591 2283 νεῶν
1644 2230 1710 2282 τά
1762 2249 1820 2283 τε

138 2324 381 2394 χρήματα
419 2326 756 2391 καταχθῆναι
803 2322 879 2382 εἰς
914 2317 1107 2389 ’Ἄργος
1153 2317 1243 2371 καὶ
1283 2318 1452 2371 αὐτὸν
1490 2316 1823 2381 τοξευθέντα

138 2409 464 2477 ἀποθανεῖν,
495 2411 703 2478 ἔρχεται
736 2406 822 2460 ἐπὶ
855 2408 953 2476 τὴν
986 2407 1251 2477 τράπεζαν
1283 2406 1599 2469 Κάλλιππος
1631 2406 1819 2460 οὑτοσὶ

138 2500 311 2562 εὐθὺς
356 2497 601 2568 ἐρωτῶν,
640 2497 880 2550 Λύκωνα
919 2494 1304 2566 Ἡρακλεώτην
1351 2496 1402 2547 εί
1443 2495 1823 2562 γιγνώσκοιεν.

139 2584 579 2658 ἀποκριναμένου
612 2582 671 2639 δὲ
707 2588 1032 2654 Φορμίωνος
1071 2583 1292 2638 τουτουὶ
1325 2583 1407 2636 ὅτι
1439 2582 1823 2652 γιγνώσκοιεν,

141 2670 272 2744 ‘Qut
303 2672 394 2728 καὶ
427 2673 618 2744 ἐχρῆτο
650 2672 835 2742 ὑμῖν’;
868 2675 969 2742 ἔφη
1005 2672 1033 2726 ὁ
1070 2675 1355 2742 Φορμίων·
1399 2669 1563 2723 ’ἀλλὰ
1603 2671 1739 2741 πρὸς
1767 2673 1829 2723 τί

141 2761 395 2834 ἐρωτᾷς’;
435 2763 596 2833 ’πρὸς
636 2761 664 2815 ὅ
697 2760 801 2826 τι·”;
843 2764 967 2831 ἔφη·
1011 2760 1142 2828 ςε’γώ
1177 2774 1264 2813 σοι
1299 2759 1419 2829 ἐρῶ.
1482 2757 1688 2821 ἐκεῖνος
1718 2755 1823 2828 μὲν

139 2851 545 2919 τετελεύτηκεν,
595 2849 700 2918 ἐγὼ
753 2846 813 2902 δὲ
863 2848 1145 2918 προξενῶν
1196 2847 1449 2918 τυγχάνω
1498 2856 1608 2900 τῶν
1651 2843 1822 2916 Ἡρα-

138 2942 407 2991 κλεωτῶν.
461 2936 592 3001 ἀξιῶ
625 2938 694 3006 δή
727 2950 787 2990 σε
820 2935 998 3000 δεῖξαί
1023 2956 1116 3005 μοι
1148 2935 1212 2988 τὰ
1244 2935 1550 3005 γράμματα,
1580 2931 1653 2988 ἵν’
1685 2935 1821 2987 εἰδῶ

0 0 7 360 g
675 160 844 202 ΠΡΟΣ
864 160 1257 203 KAAAlnnON.
1705 158 1801 210 191
