2035 3158
218 172 292 225 43
698 171 858 215 xmv.
905 168 1412 228 [ΔΗΜΟΣΘΕΝΟΤΣ]

222 306 402 375 ἐμούς,
442 300 560 387 ἀλλ’
607 306 683 367 είς
723 305 851 365 τοὺς
882 301 1233 371 Εὐβουλίδου
1273 299 1362 354 καὶ
1391 298 1616 369 Ἁγνίου
1646 298 1736 354 καὶ
1766 303 1892 353 Μα-

150 409 197 441 82
220 392 488 462 καρτάτου
542 392 778 445 τουτουί.
862 388 952 443 καὶ
1006 389 1093 442 ὅτε
1148 390 1419 457 εἰσήγετο,
1479 387 1537 441 οἱ
1584 383 1684 456 μὲν
1738 388 1894 440 ἄλλοι

151 1021 197 1054 88

219 479 482 550 φράτερες
520 479 768 548 κρύβδην
807 479 1005 547 ἔφερον
1043 476 1144 544 τὴν
1181 484 1397 544 ψῆφον,
1443 473 1629 528 οὑτοσὶ
1671 470 1730 527 δὲ
1771 477 1895 527 Ma-

220 567 481 636 κάρτατος
525 573 739 636 φανερᾷ
786 567 952 636 ψήφῳ
1000 563 1302 632 ἐψηφίσατο
1350 563 1533 632 ὀρθῶς
1578 563 1895 630 εἰσάγεσθαι

220 654 537 723 Εὐβουλίδῃ
569 654 695 706 υἱὸν
726 653 824 705 τὸν
856 653 1024 704 παῖδα
1055 654 1295 717 τουτονί,
1334 650 1433 703 οὐκ
1465 650 1728 719 ἐθελήσας
1760 651 1896 713 ἅψα-

221 747 353 794 σθαι
384 749 483 794 τοῦ
517 740 716 811 ῖερείου
750 738 868 792 οὐδ’
909 739 1208 807 ἀπαγαγεῖν
1247 738 1352 791 ἀπὸ
1385 747 1482 792 τοῦ
1513 741 1702 807 βωμοῦ
1733 737 1896 791 ὑπεύ-

217 835 401 882 θυνον
433 829 603 882 αὑτὸν
634 831 885 896 ποιήσας·
919 827 1055 879 ἀλλὰ
1093 824 1183 880 καὶ
1224 827 1325 894 τὴν
1356 828 1550 894 μερίδα
1581 836 1689 879 τῶν
1722 835 1896 897 κρεῶν

222 916 389 989 ς’όχετο
430 917 613 985 λαβὼν
653 916 798 982 παρὰ
837 923 935 969 τοῦ
973 915 1166 976 παιδὸς
1204 917 1450 981 τουτουί,
1498 915 1676 984 ὥσπερ
1716 912 1807 967 καὶ
1845 913 1904 967 οἵ

221 1007 378 1058 ἄλλοι
430 1005 705 1073 φράτερες.
784 1005 1022 1071 νομίζετε
1079 1003 1147 1071 δὴ
1201 1003 1297 1055 τὸν
1358 1003 1524 1054 παῖδα
1584 1000 1802 1056 τουτονὶ
1855 997 1896 1054 ὦ

222 1094 419 1161 ἄνδρες
460 1090 707 1145 δικασταὶ
750 1091 1024 1159 ἱκετηρίαν
1071 1090 1203 1158 ὑμῖν
1248 1095 1572 1158 προκεῖσθαι
1612 1087 1749 1158 ὑπὲρ
1789 1100 1899 1144 τῶν

221 1183 678 1250 τετελευτηκότων
703 1177 926 1247 Ἁγνίου
958 1176 1046 1230 καὶ
1073 1178 1422 1247 Εὐβουλίδου
1457 1176 1545 1230 καὶ
1577 1187 1684 1230 τῶν
1717 1179 1899 1232 ἄλλων

221 1279 331 1323 τῶν
371 1268 476 1323 ἀπὸ
517 1276 614 1321 τοῦ
646 1265 889 1335 Ἁγνίου,
928 1264 1018 1319 καὶ
1060 1267 1320 1319 ἱκετεύειν
1360 1266 1559 1327 αὐτοὺς
1596 1265 1736 1334 ὑμᾶς
1773 1268 1901 1328 τοὺς

223 1357 496 1424 δικαστάς,
537 1357 680 1419 ὅπως
720 1356 791 1424 μὴ
834 1354 1306 1424 ἐξερημωθήσεται
1339 1353 1520 1406 αὐτῶν
1553 1353 1581 1407 ὁ
1615 1350 1762 1417 οἶκος
1793 1354 1899 1408 ὑπὸ

221 1455 331 1498 τῶν
369 1454 581 1515 μιαρῶν
622 1445 832 1498 τούτων
871 1446 1107 1512 θηρίων,
1148 1443 1206 1497 οἵ
1233 1444 1374 1496 εἰσιν
1409 1441 1466 1495 ἐκ
1497 1450 1594 1496 τοῦ
1627 1445 1899 1512 Στρατίου
1923 1459 1999 1498 107

222 1540 403 1600 οἴκου,
454 1533 512 1586 ἐν
562 1530 620 1586 δὲ
669 1539 741 1604 τῷ
783 1529 1006 1600 Ἁγνίου
1054 1527 1389 1584 οὐδεπώποτ’
1446 1528 1720 1598 ἐγένοντο·
1766 1527 1892 1599 μηδ’

223 1621 541 1691 ἐπιτρέψητε
579 1621 792 1682 τούτοις
832 1623 974 1689 ἔχειν
1007 1619 1071 1671 τὰ
1104 1620 1176 1688 μὴ
1208 1621 1573 1688 προσήκοντα,
1612 1615 1730 1671 ἀλλ’
1769 1617 1900 1672 ἀπο-

224 1712 419 1764 δοῦναι
468 1709 805 1777 ἀναγκάσατε
846 1710 923 1770 εἰς
963 1708 1059 1760 τὸν
1091 1704 1314 1775 Ἀγνίου
1358 1703 1512 1760 οἷκον
1551 1714 1663 1769 τοῖς
1700 1709 1901 1777 προσή-

223 1812 381 1852 κουσι
428 1806 540 1859 τοῖς
578 1794 815 1865 Ἁγνίου.
888 1794 992 1864 ἐγὼ
1040 1791 1140 1864 μὲν
1188 1790 1290 1848 οὖν
1337 1794 1565 1856 ἐκείνοις
1610 1812 1664 1847 τε
1709 1797 1902 1864 βοηθῶ

223 1895 338 1949 τοῖς
384 1886 787 1952 τετελευτηκόσι
836 1881 924 1936 καὶ
973 1892 1085 1945 τοῖς
1131 1884 1323 1951 νόμοις
1368 1891 1480 1944 τοῖς
1525 1880 1648 1952 περὶ
1694 1883 1903 1936 τούτων

224 1971 510 2042 κειμένοις,
551 1970 742 2041 δέομαι
784 1968 843 2024 δὲ
881 1969 972 2023 καὶ
1018 1970 1173 2040 ὑμῶν
1214 1964 1255 2022 ὦ
1295 1970 1491 2038 ἄνδρες
1529 1968 1776 2023 δικασταὶ
1815 1968 1903 2024 καὶ

226 2062 445 2115 ἱκετεύω
494 2058 582 2113 καὶ
630 2059 927 2129 ἀντιβολῶ,
975 2058 1046 2128 μὴ
1094 2059 1370 2127 περιίδητε
1416 2059 1546 2126 μήτε
1594 2059 1690 2111 τὸν
1735 2059 1904 2111 παῖδα

227 2148 444 2203 τουτονὶ
484 2146 821 2217 ὑβρισθέντα
854 2148 960 2201 ὑπὸ
993 2147 1222 2214 τούτων,
1260 2148 1390 2214 μήτε
1432 2147 1559 2207 τοὺς
1597 2147 1906 2214 προγόνους

224 2240 353 2301 τοὺς
413 2235 635 2290 τουτουὶ
698 2238 774 2289 ἔτι
836 2239 1046 2304 μᾶλλον
1105 2232 1653 2303 καταφρονουμένους
1713 2233 1747 2302 ἣ
1799 2241 1905 2287 νῦν

224 2327 752 2394 καταπεφρόνηνται,
785 2323 880 2377 ἐὰν
907 2322 1307 2391 διαπράξωνται
1340 2316 1494 2374 οὗτοι
1524 2321 1556 2374 ἃ
1588 2322 1905 2389 βούλονται·

225 2414 365 2467 ἀλλὰ
404 2422 517 2475 τοῖς
556 2431 609 2465 τε
651 2414 840 2481 νόμοις
879 2414 1131 2480 βοηθεῖτε
1172 2408 1261 2462 καὶ
1301 2419 1410 2462 τῶν
1449 2411 1905 2478 τετελευτηκότων

227 2502 600 2571 ἐπιμελεῖσθε,
647 2500 792 2562 ὅπως
831 2500 903 2569 μὴ
946 2498 1264 2568 ἐξερημωθῇ
1304 2496 1484 2550 αὐτῶν
1524 2497 1552 2551 ὁ
1593 2493 1755 2560 οἶκος.
1816 2495 1902 2550 καὶ

211 2598 395 2643 ταῦτα
426 2597 713 2651 ποιοῦντες
745 2588 809 2640 τά
849 2606 902 2640 τε
946 2588 1128 2639 δίκαια
1165 2590 1458 2654 ψηφιεῖσθε
1491 2582 1580 2639 καὶ
1611 2585 1676 2639 τὰ
1707 2585 1907 2657 εὔορκα

229 2675 319 2730 καὶ
357 2677 422 2731 τὰ
466 2676 592 2746 ὑμῖν
632 2676 816 2738 αὐτοῖς
855 2673 1217 2745 συμφέροντα.
