2035 3158
770 135 933 176 ΠΡΟΣ
965 131 1294 176 ΤΙΜΟΘΕΟΝ.
1767 133 1872 185 153

192 268 328 337 πρὸς
371 273 445 338 τῷ
496 267 739 336 διαιτητῇ
787 265 1227 335 ἀνακομισθῆναι
1274 268 1351 329 εἰς
1397 268 1495 335 τὴν
1548 268 1728 320 οἰκίαν
1772 267 1875 335 τὴν

195 352 394 407 ἑαυτοῦ
440 356 539 423 τὴν
591 354 650 407 ἐν
692 359 969 424 Πειραιεῖ,
1020 354 1092 417 ὡς
1137 355 1539 424 μεμαρτύρηται
1586 354 1719 423 ὑμῖν
1765 354 1874 407 ὑπὸ

192 451 301 494 τῶν
340 441 673 495 ἀκουόντων.
736 444 811 495 ἔτι
862 438 922 494 δὲ
968 440 1164 494 καὶέκ
1203 445 1508 512 τεκμηρίων
1546 442 1874 511 πειράσομαι

124 544 164 576 35
193 530 296 598 ἐγὼ
336 530 476 599 ὑμᾶς
515 529 730 594 διδάξαι
763 530 846 595 ὅτι
887 529 1067 598 ἀληθῆ
1108 529 1262 597 λέγω.
1327 535 1513 583 οἴεσθε
1554 531 1656 599 γὰρ
1697 526 1738 583 ὦ
1780 531 1873 582 ἄν·

192 620 318 689 δρες
365 616 613 671 δικασταὶ
661 620 758 672 τὸν
804 615 1008 687 πατέρα
1048 620 1143 672 τὸν
1184 618 1342 686 ἐμόν,
1389 619 1440 671 εἰ
1476 618 1548 686 μὴ
1597 615 1876 686 Τιμοθέου

194 703 260 773 ἧν
299 706 363 759 τὰ
397 705 531 769 ξύλα
561 704 652 758 καὶ
686 705 890 775 ἐδεήθη
925 702 1084 768 οὗτος
1124 706 1293 759 αὐτοῦ
1334 708 1604 774 συστήσας
1642 706 1740 758 τὸν
1775 708 1874 757 Φι-

190 794 436 861 λώνδαν,
485 793 573 846 ὅτε
622 792 853 862 ἀνήγετο
902 794 975 856 ὡς
1013 795 1141 856 τοὺς
1182 795 1516 863 στρατηγοὺς
1554 795 1682 856 τοὺς
1721 796 1876 862 βασι-

190 879 351 949 λέως,
388 891 690 951 παρασχεῖν
729 883 790 936 τὸ
829 886 1064 950 ναῦλον,
1117 881 1272 934 ἐᾶσαι
1313 883 1380 934 ἄν
1419 900 1548 934 ποτε
1587 880 1877 950 ὑποκειμέ-

189 989 305 1022 νων
366 969 512 1042 αὐτῷ
576 979 685 1022 τῶν
744 968 925 1033 ξύλων
979 978 1076 1023 τοῦ
1133 970 1339 1022 ναύλου
1396 968 1724 1038 ἀνακομίσαι
1778 971 1876 1023 τὸν

192 1058 490 1110 Φιλώνδαν
522 1057 588 1110 τὰ
621 1057 755 1122 ξύλα
788 1057 846 1111 ἐκ
884 1066 984 1112 τοῦ
1017 1055 1252 1126 λιμένος,
1294 1054 1412 1110 ἀλλ’
1459 1057 1558 1110 οὐκ
1598 1056 1666 1110 ἂν
1704 1075 1875 1126 παρα-

188 1145 600 1215 καταστήσαντά
642 1165 764 1198 τινα
808 1155 917 1199 τῶν
965 1148 1189 1199 οἰκετῶν
1235 1145 1530 1216 φυλάττειν
1577 1143 1667 1197 καὶ
1713 1146 1877 1214 τιμὴν

190 1235 492 1304 λαμβάνειν
550 1232 922 1303 πωλουμένων
987 1244 1096 1287 τῶν
1155 1232 1365 1302 ξύλων,
1428 1233 1527 1296 ἕως
1588 1233 1877 1302 ἐκομίσατο

191 1322 255 1374 τὰ
295 1320 520 1390 ἑαυτοῦ,
570 1327 721 1391 εἴπερ
764 1323 1059 1376 Φιλώνδου
1099 1319 1168 1390 ἦν
1207 1323 1273 1374 τὰ
1313 1321 1447 1384 ξύλα
1487 1319 1577 1374 καὶ
1618 1320 1880 1390 ἐμπορίας

123 1426 165 1458 36
192 1407 331 1463 ἕνεκ’
376 1411 547 1480 ''ix-³²23
591 1412 772 1462 ἔπειτα
804 1412 940 1480 πρὸς
970 1411 1183 1472 τούτοις
1215 1414 1322 1462 τίνι
1356 1410 1510 1478 ὑμῶν
1544 1410 1687 1471 εἰκὸς
1726 1410 1881 1462 δοκεῖ

190 1495 359 1566 εἶναι,
412 1499 485 1567 μὴ
540 1499 900 1561 κελεύσαντος
952 1499 1152 1552 τούτου
1203 1500 1263 1552 τὸ
1320 1503 1526 1551 ναῦλον
1576 1507 1878 1567 παρασχεῖν

191 1595 299 1639 τῶν
324 1585 503 1650 ξύλων
528 1596 636 1640 τῶν
671 1585 956 1661 δοθέντων
981 1587 1155 1659 τούτῳ
1189 1586 1294 1639 ὑπὸ
1332 1584 1620 1655 Ἀμύντου,
1661 1594 1876 1638 πιστεΐμ

191 1688 282 1727 σαι
326 1676 423 1728 τὸν
471 1673 674 1744 πατέρα
719 1676 816 1728 τὸν
867 1674 998 1743 ἐμὸν
1041 1675 1304 1745 Φιλώνδᾳ
1351 1672 1440 1726 καὶ
1483 1673 1638 1726 ἐᾶσαι
1679 1673 1877 1726 ἀνακο-

189 1765 344 1831 μίσαι
382 1763 446 1815 τὰ
486 1761 620 1826 ξύλα
659 1765 737 1826 εἰς
767 1764 865 1831 τὴν
907 1764 1085 1815 οἰκίαν
1125 1764 1225 1831 τὴν
1264 1764 1489 1827 τούτους
1530 1761 1562 1831 ἢ
1602 1771 1716 1824 πῶς
1755 1755 1877 1814 οἶόν

189 1848 234 1903 τ’
282 1849 414 1918 ἐστί,
451 1852 548 1904 τὸν
585 1847 686 1920 μὲν
720 1851 1017 1903 Φιλώνδαν
1058 1849 1319 1920 ἐμπορίας
1359 1847 1497 1903 ἕνεκ’
1546 1849 1774 1918 ἀγαγεῖν
1813 1851 1875 1902 τὰ

191 1937 344 2007 ξύλα,
383 1938 456 2002 ὡς
487 1935 647 2002 οὗτός
678 1953 833 2009 φησι,
872 1941 1321 2009 καταχρήσασθαι
1355 1935 1415 1991 δὲ
1448 1947 1646 1992 τοῦτον
1685 1936 1866 2006 ἥκοντ’
1897 1956 2005 1994 1195

124 2043 164 2074 Ξῖ
191 2028 268 2089 εἰς
296 2027 397 2096 τὴν
429 2029 750 2096 οἰκοδομίαν
783 2028 882 2095 τὴν
918 2027 1089 2081 αὑτοῦ
1121 2037 1233 2089 τοῖς
1266 2026 1448 2090 ξύλοις
1479 2029 1717 2090 τούτοις;
1758 2028 1876 2078 σκέ-

194 2119 372 2177 ψασθε
421 2110 481 2167 δὲ
528 2113 774 2183 κάκεῖνο,
823 2114 905 2166 ὅτι
945 2111 1138 2166 πολλοὶ
1179 2111 1268 2165 καὶ
1308 2111 1535 2183 χρηστοὶ
1575 2122 1683 2166 τῶν
1723 2118 1878 2167 πολι-

189 2211 300 2254 τῶν
339 2202 531 2254 οἰκεῖοι
572 2203 726 2263 ὄντες
763 2203 938 2273 τούτῳ
971 2200 1296 2269 ἐπεμέλοντο
1336 2210 1446 2254 τῶν
1486 2202 1705 2270 τούτου,
1746 2201 1878 2256 ἀπο-

192 2291 498 2358 δημοῦντος
520 2290 664 2358 παρὰ
689 2292 908 2358 βασιλεῖ
936 2292 985 2341 Τ
980 2287 1234 2357 ιμοθέου’
1276 2284 1352 2341 ὧν
1379 2287 1560 2351 οὐδεὶς
1583 2292 1875 2358 τετόλμηκε

189 2384 531 2446 μαρτυρῆσαι
578 2378 779 2449 τούτῳ,
824 2376 858 2445 ἢ
898 2377 971 2439 ὡς
1016 2376 1117 2430 οὐκ
1167 2379 1360 2445 ἔλαβεν
1400 2376 1429 2430 ὁ
1474 2378 1766 2440 Φιλώνδας
1815 2380 1877 2431 τὸ

193 2469 398 2519 ναῦλον
452 2474 562 2518 τῶν
616 2464 796 2529 ξύλων
851 2464 956 2518 ἀπὸ
1005 2473 1098 2534 τῆς
1147 2463 1431 2535 τραπέζης,
1486 2465 1519 2534 ἢ
1568 2465 1640 2527 ὡς
1690 2466 1877 2533 λαβὼν

154 2552 500 2622 ἀπέδωκεν,
546 2550 669 2606 οὐδ’
715 2549 784 2605 αὗ
833 2552 905 2615 ὡς
952 2553 1133 2606 αὐτῶν
1180 2573 1281 2615 τις
1309 2552 1526 2605 διέλυσε
1566 2555 1628 2606 τὸ
1668 2557 1878 2606 ναῦλον

190 2637 326 2711 ὑπὲρ
375 2650 485 2694 τῶν
536 2640 716 2704 ξύλων
769 2635 846 2694 ὧν
892 2641 1096 2709 ἤγαγεν
1145 2640 1174 2694 ὁ
1218 2641 1538 2707 Φιλώνδας,
1591 2640 1877 2694 δοθέντων

190 2729 364 2802 τούτῳ
395 2725 522 2800 παρ’
561 2726 855 2797 Ἀμύντου·
895 2728 1160 2796 ἡγοῦνται
1193 2729 1295 2797 γὰρ
1329 2725 1453 2797 περὶ
1489 2731 1743 2791 πλειόνος
1781 2728 1877 2780 αὑ-

190 2825 304 2879 τοῖς
341 2812 482 2870 εἶναι
527 2815 684 2870 καλοὶ
730 2814 969 2885 κάγαθοὶ
1018 2817 1203 2870 δοκεῖν
1243 2812 1416 2885 εἶναι,
1455 2820 1666 2885 μᾶλλον
1705 2816 1738 2886 ἢ
1787 2820 1875 2868 Τι-

122 2918 165 2950 38
190 2901 377 2977 μοθέῳ
414 2906 747 2975 χαρίσασθαι
787 2905 851 2957 τὰ
889 2905 1066 2974 ψευδῆ
1099 2912 1517 2975 μαρτυροῦντες.
1582 2904 1649 2958 οὐ
1688 2903 1874 2974 μέντοι
