2035 3158
127 458 163 486 19

121 1270 164 1302 20

189 181 296 232 206
695 183 815 223 Lm.
856 179 1359 239 [ΔΗΜΟΣΘΕΝΟΤΣ]

863 341 1195 383 ΜΑΡΤΤΡΕΣ.

288 440 354 495 “A
392 439 492 512 μὲν
531 447 723 497 τοίνυν
761 442 1120 511 ἀδικούμενος
1163 438 1206 495 ὦ
1246 444 1442 512 ἄνδρες
1482 440 1728 495 δικασταὶ
1766 437 1861 494 ὑπ’

190 527 370 582 αὐτῶν
401 530 501 598 τὴν
534 529 859 599 ἀπογραφὴν
900 528 1256 598 ἐποιησάμην,
1298 531 1575 597 δεδήλωκα
1610 529 1760 594 ὑμῖν·
1794 529 1870 590 ὡς

191 613 242 667 δ’
290 619 437 669 ἔστιν
480 615 840 686 Ἀρεθουσίου
888 615 1239 684 τάνδράποδα
1288 625 1453 670 ταῦτα
1499 614 1589 668 καὶ
1636 616 1765 667 ὄντα
1805 615 1865 668 ἐν

190 709 252 769 τῇ
308 702 467 774 οὐσίᾳ
521 711 583 773 τῇ
640 703 851 757 ἐκείνου
906 701 1192 771 ἀπέγραψα
1246 703 1492 766 ἐπιδείξω
1547 703 1693 770 ὑμῖν.
1768 703 1864 756 τὸν

190 786 290 856 μὲν
339 791 443 858 γὰρ
495 789 761 857 Κέρδωνα
813 789 871 842 ἐκ
921 799 1120 857 μικροῦ
1169 791 1463 859 παιδαρίου
1512 788 1863 856 ἐξεθρέψατο·
2001 766 2035 1283 1

1966 1238 2022 1298 3.

2013 1286 2035 1537 Ξ

2016 1603 2033 1788 ἶ

2020 1828 2031 1886 Ξ

2019 1946 2029 1973 ἰ

191 874 279 928 καὶ
328 877 400 940 ὡς
448 873 518 946 ἦν
571 876 958 946 Ἀρεθουσίου,
1015 878 1226 931 τούτων
1282 877 1413 945 ὑμῖν
1472 879 1598 939 τοὺς
1654 879 1866 939 εἰδότας

189 964 465 1031 μάρτυρας
500 965 813 1034 παρέξομαι.

861 1139 1192 1181 ΜΑΡΤΤΡΕΣ.

300 1239 441 1310 Παρ’
475 1235 557 1305 οἷς
580 1244 771 1295 τοίνυν
796 1242 1081 1310 εἰργάσατο
1113 1243 1347 1310 πώποτε,
1378 1243 1450 1304 ὡς
1479 1244 1607 1304 τοὺς
1629 1243 1866 1310 μισθοὺς
1883 1259 1965 1298 125

184 1325 540 1394 Ἀρεθούσιος
573 1328 843 1397 ἐκομίζετο
875 1326 1011 1397 ὑπὲρ
1045 1329 1233 1392 αὐτοῦ,
1273 1327 1362 1381 καὶ
1402 1330 1555 1392 δίκας
1585 1327 1676 1382 καὶ
1707 1329 1865 1398 ἐλάμ-

188 1419 320 1481 βανε
360 1415 449 1468 καὶ
489 1414 698 1484 ἐδίδου,
739 1417 899 1469 ὁπότε
933 1419 1101 1468 κακόν
1132 1437 1182 1468 τι
1216 1416 1521 1484 ἐργάσαιτο,
1561 1417 1633 1479 ὡς
1671 1418 1865 1470 δεσπό-

187 1522 279 1570 της
319 1504 416 1570 ὤν,
454 1504 663 1557 τούτων
702 1504 834 1573 ὑμῖν
873 1507 1000 1566 τοὺς
1040 1504 1317 1573 μάρτυρας
1352 1503 1664 1572 παρέξομαι.

860 1679 1190 1720 ΜΑΡΤΤΡΕΣ.

303 1782 412 1833 Τὸν
475 1777 535 1833 δὲ
590 1780 830 1848 Μάνην,
892 1782 1146 1844 δανείσας
1207 1780 1473 1849 ἀργύριον
1521 1777 1863 1851 Ἀρχεπόλιδι

187 1872 258 1937 τῷ
299 1870 574 1935 Πειραιεῖ,
623 1867 809 1936 ἐπειδὴ
858 1868 957 1937 οὐχ
1006 1861 1120 1931 οἷός
1167 1866 1214 1920 τ’
1257 1865 1326 1936 ἣν
1373 1868 1516 1939 αὐτῷ
1558 1868 1862 1922 ἀποδοῦναι

186 1954 215 2007 ὁ
250 1951 559 2022 Ἀρχέπολις
610 1956 734 2007 οὔτε
781 1957 878 2008 τὸν
925 1958 1087 2008 τόκον
1142 1955 1266 2008 οὔτε
1314 1957 1372 2007 τὸ
1426 1955 1651 2024 ἀρχαῖον
1698 1957 1863 2024 ἅπαν,

186 2040 575 2109 ἐναπετίμησεν
637 2042 798 2112 αὐτῷ.
884 2041 973 2094 καὶ
1037 2042 1119 2095 ὅτι
1181 2041 1360 2112 ἀληθῆ
1425 2042 1591 2110 λέγω,
1651 2044 1861 2096 τούτων

183 2127 314 2196 ὑμῖν
353 2131 480 2191 τοὺς
519 2129 795 2199 μάρτυρας
833 2129 1146 2199 παρέξομαι.

855 2305 1187 2347 ΜΑΡΤΤΡΕΣ.

279 2404 395 2459 ”En
435 2411 625 2460 τοίνυν
663 2405 752 2459 καὶ
787 2406 846 2459 ἐκ
877 2409 1049 2461 τῶνδε
1082 2409 1364 2476 γνώσεσθε
1399 2403 1442 2461 ὦ
1475 2409 1672 2475 ἄνδρες
1711 2409 1859 2462 δικα-

184 2497 330 2560 σταί,
370 2493 451 2546 ὅτι
499 2492 638 2546 εἰσὶν
681 2491 1041 2563 Ἀρεθουσίου
1081 2495 1140 2548 οἱ
1173 2496 1477 2564 ἄνθρωποι.
1555 2495 1715 2549 ὁπότε
1753 2496 1858 2565 γὰρ

181 2581 240 2634 οἱ
283 2582 569 2649 ἅνθρωποι
622 2577 774 2635 οὗτοι
821 2581 854 2650 ἢ
902 2581 1120 2650 ὀπώραν
1182 2586 1434 2651 πρίαιντο
1481 2581 1514 2650 ἢ
1560 2581 1726 2651 θέρος
1774 2602 1859 2651 μι-

182 2673 410 2720 σθοῖντο
444 2667 723 2737 ἐκθερίσαι
755 2668 787 2737 ἢ
820 2670 953 2722 ἄλλο
985 2689 1035 2722 τι
1074 2678 1184 2722 τῶν
1229 2668 1351 2738 περὶ
1383 2673 1651 2739 γεωργίαν
1683 2672 1861 2740 ἔργων

181 2754 522 2823 ἀναιροῖντο,
565 2752 917 2823 Ἀρεθούσιος
965 2752 1033 2824 ἦν
1074 2756 1102 2811 ὁ
1144 2756 1458 2824 ὠνούμενος
1495 2754 1587 2809 καὶ
1625 2757 1859 2825 μισθού-

181 2861 343 2910 μενος
393 2839 528 2912 ὑπὲρ
581 2842 775 2896 αὐτῶν.
851 2844 922 2907 ὡς
973 2842 1021 2896 δ’
1069 2843 1247 2913 ἀληθῆ
1300 2842 1469 2912 λέγω,
1520 2842 1610 2896 καὶ
1648 2845 1859 2898 τούτων
1899 2867 1903 2869 ·

180 2929 311 2996 ὑμῖν
351 2931 477 2992 τοὺς
514 2931 789 3001 μάρτυρας
828 2928 1138 3001 παρέξομαι.
