2035 3158
602 112 761 154 RATA
791 94 1300 154 ‘OATMmOAszPom
1684 109 1790 161 137

111 243 366 299 ἁπάντων
399 239 477 298 ὧν
509 250 696 315 εἴρηκα
728 246 1026 313 μαρτυρίας
1057 243 1188 312 ὑμῖν
1220 241 1619 313 παρασχέσθαι,
1647 243 1798 313 πρώ·

54 358 56 360 ·
113 346 294 387 τιστον
341 329 442 402 μὲν
487 335 548 387 τὸ
597 331 650 396 ἐξ
699 331 865 402 ἀρχῆς
912 331 994 384 ὅτι
1043 330 1148 399 ἐγὼ
1196 329 1286 384 καὶ
1326 326 1487 393 οὗτος
1524 330 1656 400 ἡμῖν
1695 330 1797 383 αὐ·

111 430 223 484 τοῖς
263 421 582 484 δικάσαντες
621 420 953 489 ἐνειμάμεθα
1000 421 1060 473 τὸ
1109 425 1231 472 ἴσον
1272 417 1523 488 ἑκάτερος
1560 426 1653 487 τῆς
1691 438 1798 488 φα-

110 515 272 577 νερᾶς
312 509 502 572 οὐσίας
539 505 602 577 ἧς
641 511 846 577 Κόμων
877 505 1176 560 κατέλιπεν.
1237 509 1332 559 καί
1365 526 1458 575 μοι
1498 503 1630 575 λαβὲ
1668 507 1797 558 ταύ-

111 617 211 665 την
251 597 351 666 τὴν
390 599 696 667 μαρτυρίαν
735 605 981 665 πρῶτον,
1028 598 1210 648 ἔπειτα
1248 594 1341 657 τὰς
1380 596 1548 657 ἄλλας
1587 592 1801 657 ἁπάσας

111 684 503 753 ἀναγίγνωσκε.

790 772 1108 814 MAPTTPIA.

45 875 87 906 34
223 857 375 930 Λαβὲ
423 862 490 930 δή
537 880 630 931 μοι
676 859 766 914 καὶ
813 861 912 929 τὴν
959 863 1288 928 πρόκλησιν,
1326 859 1396 928 ἣν
1434 859 1800 928 προεκαλεσά-

111 970 219 1018 μην
259 949 428 1003 αὐτὸν
465 948 590 1016 περὶ
629 958 727 1003 τοῦ
760 948 1030 1019 ἀργυρίου
1071 944 1138 1001 οὗ
1180 951 1338 1017 ἔλαβε
1377 948 1524 1017 παρὰ
1563 955 1662 1000 τοῦ
1701 945 1800 999 ἀν·

111 1038 345 1105 θρώπου
382 1046 481 1091 τοῦ
519 1036 968 1107 βασανισθέντος.

770 1207 1143 1248 ΠΡΟΚΛΗΣΙΣ.

218 1299 620 1371 Ἀναγίγνωσκε
668 1302 736 1370 δὴ
793 1299 883 1354 καὶ
930 1302 1030 1370 τὴν
1078 1299 1267 1370 ἑτέραν
1315 1304 1650 1371 μαρτυρίαν,
1697 1301 1799 1368 ὅτι,

115 1390 300 1460 ἐπειδὴ
349 1390 737 1444 ἐπεδικάσαντο
786 1391 843 1443 oc
885 1389 1154 1443 ἀντίδικοι
1202 1390 1382 1458 ἡμῶν,
1437 1391 1647 1442 ἅπαντα
1698 1406 1799 1441 πα-

115 1477 349 1548 ρέλαβον
396 1478 498 1532 ὅσα
545 1479 700 1547 ἡμεῖς
738 1483 986 1549 εἴχομεν,
1032 1482 1176 1546 πλὴν
1224 1488 1333 1531 τῶν
1379 1477 1672 1548 χρημάτων
1721 1471 1929 1535 &vnn

114 1564 259 1637 εἶχεν
316 1563 760 1636 Ὀλυμπιόδωρος
827 1567 971 1636 παρὰ
1039 1575 1138 1619 τοῦ
1208 1563 1643 1634 βασανισθέντος
1705 1563 1798 1617 ἀν-

113 1656 360 1724 θρώπου.

793 1742 1108 1783 MAPTTPIA.

47 1843 90 1877 35
214 1828 326 1884 “Ov
364 1827 466 1900 μὲν
504 1834 709 1902 τρόπον
750 1828 790 1885 ὦ
833 1832 1031 1899 ἄνδρες
1078 1827 1327 1884 δικασταὶ
1376 1829 1429 1895 ἐξ
1479 1828 1645 1900 ἀρχῆς
1691 1831 1803 1883 διε-

113 1919 419 1988 νειμάμεθα
457 1921 558 1989 τὴν
595 1922 863 1989 Κόμωνος
903 1919 1098 1972 οὐσίαν
1138 1920 1238 1987 τὴν
1278 1918 1526 1989 φανερὰν
1566 1918 1670 1987 ἐγὼ
1709 1917 1800 1972 καὶ

109 2005 579 2077 Ὀλυμπιόδωρος,
626 2007 717 2062 καὶ
764 2010 910 2081 λόγῳ
959 2007 1224 2077 ἀκηκόατε
1263 2006 1354 2061 καὶ
1394 2007 1802 2077 μεμαρτύρηται

36 2142 45 2145 ι
115 2095 268 2164 ὑμῖν,
307 2093 397 2149 καὶ
437 2096 509 2159 ὡς
548 2092 708 2158 οὗτος
752 2098 814 2150 τὸ
862 2095 1128 2165 ἀργύριον
1177 2098 1337 2164 ἔλαβε
1383 2095 1528 2163 παρὰ
1567 2103 1667 2149 τοῦ
1707 2094 1802 2147 ἀν-

114 2170 347 2251 θρώπου
384 2192 483 2237 τοῦ
523 2182 756 2252 οἰκέτου,
794 2182 882 2236 καὶ
918 2184 1000 2236 ὅτι
1033 2183 1091 2236 oc
1118 2182 1560 2251 ἐπιδικασάμενοι
1602 2185 1804 2252 ἔλαβον

115 2270 217 2324 ὅσα
253 2270 408 2339 ἡμεῖς
446 2277 692 2342 εἴχομεν,
741 2271 842 2334 ἕως
890 2273 1056 2325 πάλιν
1109 2268 1268 2334 οὗτος
1319 2271 1569 2341 ἐνίκησεν
1615 2271 1675 2325 ἐν
1725 2279 1800 2343 τῷ

48 2373 91 2404 36
117 2360 464 2431 δικαστηρίῳ.
519 2359 552 2413 ἃ
578 2357 638 2413 δὲ
662 2358 838 2428 λέγων
871 2360 971 2413 οὐκ
1003 2361 1314 2413 ἀποδίδωσί
1340 2380 1433 2429 μοι
1467 2357 1587 2413 οὐδ’
1621 2358 1803 2413 ἐθέλει

115 2457 226 2500 τῶν
274 2448 504 2501 δικαίων
551 2445 671 2501 οὐδ’
719 2448 908 2502 ὁτιοῦν
960 2457 1166 2516 ποιεῖν,
1219 2449 1435 2510 τούτοις
1480 2449 1586 2517 ἤδη
1633 2462 1802 2516 προσ-

117 2533 260 2605 έχετε
299 2537 397 2590 τὸν
426 2536 574 2590 ’νοῦν
616 2532 657 2588 ὦ
697 2537 896 2604 ἄνδρες
932 2537 1202 2604 δικασταί,
1241 2537 1332 2589 ἵνα
1364 2537 1436 2605 μὴ
1470 2534 1645 2588 αὐτίκ’
1684 2534 1801 2599 ἐξα·

116 2625 432 2692 πατήσωσιν
471 2625 612 2692 ὑμᾶς
652 2624 711 2677 oc
737 2624 980 2694 ῥήτορες,
1018 2624 1115 2686 οὓς
1147 2621 1336 2677 οὑτοσὶ
1367 2624 1802 2694 παρεσκεύασται

117 2708 202 2764 ἐπ’
249 2710 356 2780 ἐμέ.
419 2710 563 2780 λέγει
609 2709 710 2781 μὲν
757 2708 918 2774 οὗτος
964 2711 1225 2765 οὐδέποτε
1272 2712 1467 2781 ταύτά,
1514 2709 1633 2765 ἀλλ’
1679 2710 1709 2763 ὅ
1747 2731 1801 2764 τι

117 2798 191 2851 ἂν
224 2800 360 2870 τύχῃ
400 2798 503 2867 ἀεί,
541 2797 631 2852 καὶ
666 2799 894 2867 περιιὼν
926 2799 1228 2868 προφάσεις
1260 2797 1497 2860 ἀτόπους
1527 2798 1680 2860 τινὰς
1710 2796 1800 2850 καὶ

117 2886 379 2950 ὑπονοίας
432 2883 523 2939 καὶ
578 2888 751 2948 αἰτίας
810 2887 1033 2950 ψευδεῖς
1094 2884 1364 2956 ἐπιφέρει,
1419 2883 1508 2938 καὶ
1561 2883 1685 2955 περὶ
1737 2887 1803 2938 τὸ
