2035 3158
655 133 818 174 ΠΡΟΣ
849 133 1261 175 MAKAPTATON.
1733 130 1795 181 2⁴1

128 268 331 336 νόμους
378 267 506 329 τοὺς
556 263 881 334 ὑμετέρους,
934 263 1021 318 καὶ
1074 266 1263 328 παῖδες
1314 265 1568 333 ἐγένοντο
1620 263 1805 326 αὐτοῖς

124 353 292 408 ἅπασι
330 350 421 407 καὶ
450 353 666 406 παίδων
695 354 904 420 παῖδες,
941 350 1030 405 καὶ
1072 350 1326 420 ἐγένοντο
1365 351 1524 405 πέντε
1565 349 1707 406 οἶκοι
1747 350 1805 405 ὲκ

103 449 224 514 ντοῦ
263 439 550 495 Βουσέλου
603 445 761 494 οἴκου
816 437 938 502 ἑνὸς
988 441 1175 505 ὄντος,
1229 439 1318 492 καὶ
1373 438 1536 509 χωρὶς
1584 440 1806 502 ἕκαστος

59 633 100 665 20

58 1425 98 1456 21

61 2218 103 2248 22

124 527 251 601 ᾤκει
284 530 380 583 τὸν
411 525 607 582 ἑαυτοῦ
639 531 779 598 ἔχων
810 526 901 580 καὶ
933 527 1194 595 ἐκγόνους
1226 526 1423 581 ἑαυτοῦ
1462 529 1804 595 ποιούμενος.

122 614 246 686 περὶ
283 612 386 686 μὲν
426 612 528 671 οὖν
576 626 685 670 τῶν
733 626 900 686 τριῶν
940 615 1197 684 ἀδελφῶν
1236 626 1345 669 τῶν
1386 624 1483 670 τοῦ
1523 615 1804 669 Βουσέλου

122 702 309 771 υἱέων,
341 702 435 758 ’καὶ
469 713 578 757 τῶν
611 704 854 772 ἐκγόνων
887 713 995 757 τῶν
1027 705 1241 766 τούτοις
1272 704 1606 773 γενομένων,
1645 706 1701 757 τί
1734 702 1803 757 ἂν

124 791 230 860 ἐγὼ
256 790 303 861 ἢ
340 791 472 861 ὑμῖν
512 788 554 844 ὦ
594 792 792 861 ἄνδρες
832 790 1078 844 δικασταὶ
1118 792 1403 861 πράγματα
1442 790 1732 896 παρέχοιμι
1771 791 1803 860 ἢ

123 878 358 952 ἐμαυτω,
383 879 745 949 ἐξηγούμενος
769 878 892 949 περὶ
925 878 1178 941 ἑκάστου;
1214 881 1366 943 ὄντες
1398 881 1499 947 γάρ
1533 879 1593 932 έν
1627 879 1801 952 ταύτῷ

123 966 272 1036 γένει
298 970 604 1041 Θεοπόμπῳ
630 965 720 1020 καὶ
744 969 1111 1035 προσήκοντες
1151 968 1351 1036 ὁμοίως
1383 975 1456 1038 τῷ
1488 966 1698 1038 Ἁγνίᾳ,
1737 963 1805 1021 οὗ

115 1043 273 1109 ἐστιν
309 1055 340 1110 6
379 1060 603 1123 κλῆρος,
651 1053 832 1118 οὐδεὶς
879 1056 1060 1118 αὐτῶν
1109 1056 1234 1108 οὔτε
1287 1057 1555 1124 πρότερον
1594 1052 1798 1110 πώποτ’

123 1163 248 1197 ουτε
294 1152 401 1198 νῦν
452 1144 769 1213 ἠνωχλησει·
822 1143 978 1211 ηιιῐν,
1033 1141 1151 1196 οὐδ’
1213 1144 1628 1212 ἠμφεσβητησεν
1681 1164 1803 1197 ουτε

123 1240 222 1287 τοῦ
260 1235 465 1302 κλήρου
498 1241 595 1286 τοῦ
626 1229 850 1300 Ἁγνίου
885 1232 1008 1285 οὔτε
1041 1239 1133 1299 τῆς
1165 1234 1425 1299 γυναικὸς
1460 1239 1551 1300 τῆς
1591 1232 1804 1300 ἐπικλή-

124 1338 246 1389 ρου,
284 1319 354 1389 ἣν
393 1320 497 1388 ἐγὼ
541 1324 642 1390 εἶ’χω
685 1319 1154 1388 ἐπιδικασάμενος,
1194 1320 1492 1388 ἡγούμενοι
1532 1316 1652 1373 οὐδ’
1700 1319 1802 1373 ὁτι-

124 1417 227 1463 οῦν
263 1411 560 1478 προσήκειν
609 1406 822 1471 ἑαυτοῖς
872 1408 1099 1470 οὐδενὸς
1137 1417 1247 1460 τῶν
1279 1406 1518 1475 Ἁγνίου.
1594 1411 1804 1478 περίερ-

123 1516 224 1566 γον
262 1498 332 1566 δή
370 1517 462 1566 μοι
505 1498 657 1550 δοκεῖ
693 1492 832 1550 εἶναι
874 1494 1053 1564 λέγειν
1093 1494 1216 1565 περὶ
1256 1497 1495 1563 τούτων,
1534 1497 1677 1565 πλὴν
1717 1494 1797 1549 ὄσ’

122 1584 178 1650 ἐξ
216 1584 455 1654 ἀνάγκης
501 1583 649 1638 ἐστὶν
695 1583 1118 1653 ἐπιμνησθῆναι.
1195 1583 1318 1652 περὶ
1368 1582 1426 1638 δὲ
1478 1587 1806 1654 Θεοπόμπου

122 1681 222 1728 τοῦ
265 1675 469 1744 πατρὸς
513 1680 613 1726 τοῦ
651 1673 1022 1742 Μακαρτάτου
1072 1671 1158 1726 καὶ
1213 1673 1384 1726 αὐτοῦ
1423 1671 1643 1726 τουτουὶ
1683 1675 1805 1726 Μα-

123 1762 423 1832 καρτάτου,
474 1758 595 1828 περὶ
649 1761 859 1814 τούτων
907 1764 1005 1829 μοί
1052 1760 1200 1813 ἐστιν
1241 1759 1294 1824 ἐξ
1335 1759 1574 1829 ἀνάγκης
1614 1759 1806 1829 λέγειν.

123 1852 238 1904 ἔστι
287 1846 349 1904 δὲ
394 1844 600 1920 βραχὺς
649 1849 679 1904 6
733 1851 891 1917 λόγος
941 1845 982 1902 ὦ
1034 1850 1231 1917 ἄνδρες
1287 1850 1549 1910 δικασταί.
1627 1848 1805 1918 ὥσπερ

124 1938 229 2008 γὰρ
283 1937 474 2007 ὀλίγον
528 1959 576 1991 τι
639 1940 907 2006 πρότερον
964 1937 1224 2007 ἀκηκόατε
1283 1938 1363 1990 ὅτι
1419 1945 1492 2008 τῷ
1551 1936 1805 2010 Βουσέλῳ

122 2024 283 2080 πέντε
321 2027 459 2089 υἱεῖς
499 2025 779 2094 ἐγένοντο,
828 2027 1038 2080 τούτων
1084 2019 1161 2090 εἷς
1199 2022 1269 2095 ἦν
1311 2029 1576 2095 Στρατίος
1616 2025 1644 2079 ὁ
1685 2045 1807 2078 του-

124 2112 245 2169 τουὶ
282 2117 555 2185 πρόγονος
593 2114 984 2182 Μακαρτάτου,
1023 2112 1111 2167 καὶ
1146 2113 1326 2181 ἔτερος
1356 2111 1576 2181 Ἁγνίας
1616 2113 1645 2168 6
1684 2133 1807 2167 vov-

126 2201 247 2256 τουὶ
277 2204 549 2271 πρόγονος
580 2197 678 2256 τοῦ
719 2203 928 2264 παιδός.
993 2199 1205 2269 ἐγένετο
1248 2202 1314 2270 δὴ
1354 2201 1474 2263 υίὸς
1512 2208 1586 2273 τῷ
1619 2198 1808 2271 Ἁγνίᾳ

127 2288 396 2358 Πολέμων
441 2287 529 2342 καὶ
576 2289 827 2358 θυγάτηρ
878 2289 1206 2359 Φυλομάχη,
1246 2289 1455 2358 ἀδελφὴ
1497 2296 1594 2342 τοῦ
1636 2288 1808 2342 Πολεὲ

73 2391 76 2394 ’
125 2397 309 2447 μωνος
340 2377 642 2446 ὁμοπατρία
676 2375 765 2430 καὶ
798 2378 1122 2446 ὁμομητρία·
1163 2385 1261 2431 τοῦ
1295 2375 1352 2430 δὲ
1388 2380 1662 2444 Στρατίου
1697 2375 1810 2444 ἐγέ-

125 2485 291 2520 νοντο
329 2473 429 2519 τοῦ
469 2464 715 2534 αδελφοῦ
755 2473 853 2518 τοῦ
885 2463 1108 2533 ἩΑγνιου
1152 2468 1540 2535 Φανόστρατος
1577 2462 1666 2518 καὶ
1702 2468 1808 2516 Χα-

126 2555 356 2624 ρίδημος
379 2553 408 2608 6
433 2551 654 2607 τουτουὶ
686 2554 903 2615 πάππος
926 2555 1309 2622 Μακαρτάτου.
1367 2553 1549 2622 ἐρωτῶ
1577 2554 1643 2622 δὴ
1669 2552 1808 2621 ὑμᾶς

125 2638 169 2695 ὦ
207 2643 406 2711 ἄνδρες
446 2642 713 2708 δικασταί,
751 2643 979 2710 πότερος
1018 2643 1343 2711 οἰκειότερός
1376 2641 1488 2694 ἐστι
1519 2641 1609 2694 καὶ
1640 2656 1804 2709 προσ-

124 2732 244 2798 ήκει
303 2733 518 2800 μᾶλλον
571 2736 644 2801 τῷ
693 2726 914 2799 Ἁγνίᾳ,
968 2729 998 2783 6
1058 2730 1178 2792 υίὸς
1232 2729 1260 2784 ὁ
1316 2727 1590 2798 Πολέμων
1634 2726 1725 2781 καὶ
1776 2729 1937 2796 ἡιοῆῖ

124 2817 376 2888 θυγάτηρ
422 2816 454 2886 ἡ
506 2817 842 2887 Φυλομάχη,
891 2816 925 2886 ἢ
974 2819 1288 2886 Χαρίδημος
1334 2817 1363 2871 6
1402 2817 1523 2881 υίὸς
1561 2817 1590 2871 6
1631 2820 1803 2886 Στρα-

125 2909 266 2974 τίου,
296 2904 628 2974 ἀδελφιδοῦς
654 2902 702 2959 δ’
740 2902 988 2973 Ἁγνίου;
1030 2904 1134 2973 ἐγὼ
1167 2902 1268 2973 μὲν
1303 2906 1407 2973 γὰρ
1439 2904 1677 2973 ἡγοῦμαι
1710 2902 1805 2957 τον
