2035 3158
87 553 126 585 81

89 1431 131 1462 82

155 143 258 194 126
613 141 1367 199 ΧινηιῐᾈΗΜοΣΘΕΝοΤΣ]

150 281 260 329 θον
309 273 396 329 ἐπὶ
442 278 545 344 τὴν
600 276 811 344 βουλὴν
864 276 992 337 τοὺς
1043 277 1294 344 κυρίους,
1355 271 1446 328 καὶ
1493 275 1831 343 εἰσαγγείλας

151 361 241 415 καὶ
290 360 430 416 ἑλὼν
483 363 542 416 ἐν
599 370 663 432 τῇ
719 365 930 432 βουλῇ,
984 361 1229 432 ἀποχρῆν
1283 361 1569 432 ἡγησάμην
1619 361 1686 414 τὰ
1730 360 1829 431 μὲν

154 451 319 519 σκεύη
350 449 649 520 ἀπολαβεῖν
674 449 837 518 ἁπλᾶ,
876 449 1000 519 περὶ
1039 446 1100 503 δὲ
1130 459 1239 503 τῶν
1269 454 1494 518 πληγῶν
1532 447 1830 520 ἐπιτρέψαι,

155 545 228 608 τῷ
270 534 330 591 δὲ
369 540 626 607 τιμήματι
659 546 1022 608 συγχωρῆσαι.
1100 538 1235 591 ὥστε
1276 537 1381 606 ἐγὼ
1421 534 1522 606 μὲν
1560 537 1703 591 οὕτω
1741 535 1991 606 με’-1164

153 643 302 694 τριος
346 623 469 695 περὶ
515 627 743 688 τούτους
788 622 885 694 ἦν,
932 621 1083 679 οὗτοι
1133 622 1194 678 δὲ
1243 625 1416 688 οὕτως
1460 624 1706 693 ἀσελγεῖς
1739 623 1832 678 καὶ

154 713 444 782 βδελυροί,
491 711 616 766 ὥστ’
664 711 750 766 ἐπὶ
797 714 897 782 τὴν
935 722 1167 781 γυναῖκα
1205 711 1294 766 καὶ
1333 714 1396 765 τὰ
1435 713 1625 765 παιδία
1662 713 1832 778 είσελ·9

154 804 301 868 θεῖν,
339 803 551 871 ἔχοντες
581 797 681 869 μὲν
713 802 778 853 τὰ
809 803 1056 870 πρόβατα
1094 799 1184 853 καὶ
1223 803 1350 863 τοὺς
1376 799 1616 867 οἰκέτας,
1652 802 1831 853 πλείο-

155 907 251 950 νος
288 887 411 951 ἄξια
442 887 475 956 ἢ
506 889 951 956 κατεδικάσαντο,
990 887 1392 957 ἀναβαλόμενοι
1432 884 1493 942 δὲ
1529 888 1631 956 τὴν
1668 887 1831 957 ὑπερ-

154 978 404 1044 ημερίαν,
443 975 862 1044 ἐπαγγείλαντος
894 972 942 1027 δ’
982 973 1118 1043 ἐμοῦ
1155 978 1472 1044 κομίζεσθαι
1510 974 1696 1037 αὐτοῖς
1731 975 1832 1043 τὴν

157 1064 334 1132 δίκην,
374 1063 447 1126 ὡς
484 1063 888 1133 μεμαρτύρηται
918 1061 1071 1131 ὑμῖν,
1109 1061 1199 1115 καὶ
1237 1063 1580 1125 εἰσελθόντες
1617 1064 1694 1125 εἰς
1731 1064 1832 1131 τὴν

156 1151 334 1203 οἰκίαν
379 1150 444 1203 τά
488 1169 543 1203 τε
593 1151 757 1217 σκεύη
808 1149 1106 1218 ἐκφορῆσαι
1152 1151 1253 1217 τήν
1298 1168 1354 1201 τε
1401 1150 1599 1218 τιτθὴν
1636 1152 1832 1218 συγκό-

159 1248 273 1307 ψαι,
312 1245 488 1308 γραῦν
529 1247 788 1306 γυναῖκα,
828 1236 984 1289 ἕνεκα
1023 1239 1287 1305 κυμβίου,
1325 1234 1416 1289 καὶ
1453 1243 1620 1290 ταῦτα
1657 1237 1832 1291 πάντα

156 1330 234 1379 ἔτι
267 1329 410 1397 ἔχειν
448 1324 537 1378 καὶ
569 1326 641 1395 μὴ
674 1324 1003 1378 ἀποδιδόναι
1045 1323 1403 1387 ἐκτετεικότος
1441 1323 1576 1393 ἐμοῦ
1611 1324 1713 1393 τὴν
1752 1325 1833 1378 δί-

156 1434 285 1483 κην,
329 1417 504 1485 χιλίας
549 1414 860 1482 τριακοσίας
907 1411 1035 1465 δέκα
1080 1422 1223 1480 τρεῖς
1270 1409 1359 1465 δύ’
1407 1411 1601 1481 ὀβολώ.
1675 1413 1727 1466 εἰ
1771 1411 1836 1466 δέ

155 1522 235 1564 τις
259 1501 531 1570 ἀγνοήσας
554 1500 755 1563 αὐτοὺς
776 1502 897 1554 τότε
922 1499 1157 1562 ἀκάκους
1179 1499 1418 1569 ἡγήσατο
1442 1498 1532 1553 καὶ
1556 1499 1833 1571 ἀπράγμο-

155 1610 254 1653 νας
299 1587 467 1657 εἶναι,
514 1590 784 1658 βούλομαι
831 1587 964 1657 ὑμῖν
1010 1585 1134 1656 περὶ
1182 1587 1367 1641 αὐτῶν
1404 1588 1498 1650 τὰς
1535 1591 1833 1659 μαρτυρίας

156 1677 490 1745 ἀναγνῶναι,
528 1676 590 1739 ἃς
621 1677 1069 1745 μεμαρτυρήκασί
1095 1694 1189 1743 μοι
1228 1676 1287 1729 oc
1319 1675 1427 1729 ὑπὸ
1465 1677 1677 1730 τούτων
1713 1677 1829 1745 ἠδι-

156 1763 401 1834 κημένοι·
453 1767 598 1837 λόγῳ
650 1761 749 1833 μὲν
800 1764 903 1832 γὰρ
956 1763 1325 1832 διηγήσασθαι
1378 1762 1479 1817 οὐκ
1525 1762 1594 1817 ἂν
1641 1764 1831 1818 ίκανόν

157 1873 249 1921 μοι
288 1851 500 1921 γε’νοιτο
541 1854 602 1906 τὸ
641 1852 817 1921 ὕδωρ·
867 1848 939 1905 ἵν’
987 1850 1045 1903 ἐκ
1091 1851 1302 1904 τούτων
1340 1849 1594 1905 ἁπάντων
1634 1852 1831 1916 σκεψά-

157 1960 340 2010 μενοι,
399 1949 510 1993 τῶν
562 1958 618 1993 τε
674 1937 985 2009 λεχθέντων
1038 1936 1129 1990 καὶ
1182 1947 1292 1991 τῶν
1348 1937 1833 2009 μαρτυρουμένων,

158 2030 316 2083 ὁσίαν
354 2025 443 2081 καὶ
477 2029 695 2080 δικαίαν
727 2023 863 2095 ὑπὲρ
903 2026 1060 2095 ὑμῶν
1098 2025 1280 2079 αὐτῶν
1318 2031 1552 2097 τιθῆσθε
1592 2027 1692 2095 τὴν
1729 2033 1832 2096 ψῆ-

155 2136 283 2185 φον.
358 2114 479 2184 λέγε
520 2116 612 2179 τὰς
651 2116 964 2185 μαρτυρίας.

823 2202 1158 2243 MAPTTPIAI.

870 2479 1118 2535 XLVIII.

278 2564 517 2645 ΚΑΤΑ
563 2582 1294 2645 οΛΎΜΙΠΙοΔΩΡοΤ
1336 2581 1711 2647 ΒΛΑΒΗΣ.

825 2732 1155 2774 ΤΠΟΘΕΣΙΣ.

266 2825 508 2890 Ποικίλην
554 2825 644 2892 ἔχει
690 2822 993 2891 περιπέτειαν
1040 2824 1334 2892 πραγμάτων
1373 2822 1400 2876 ὁ
1437 2823 1593 2892 λόγος.
1652 2823 1834 2877 Κόνων

154 2909 244 2971 γάρ
290 2924 363 2967 τις
407 2904 534 2972 ἀνὴρ
577 2900 844 2970 Ἀθηναῖος
889 2903 1038 2966 ἅπαις
1082 2908 1303 2975 τελευτᾷ,
1353 2901 1419 2965 ὡς
1464 2903 1686 2956 ἐπίδικον
1728 2909 1829 2958 τοῖς·
