2035 3158
640 152 804 193 ΠΡΟΣ
835 151 1274 193 ΝΙΚΟΣΤΡΑΤΟΝ.
1691 144 1799 197 203

111 280 395 336 ἀπαιτοῖεν
431 282 621 352 αὐτὸν,
666 283 726 337 οἰ
768 284 1118 345 δανείσαντες
1163 281 1226 336 τὰ
1267 282 1465 349 λύτρα,
1503 283 1564 334 τὸ
1606 280 1803 333 λοιπὸν

113 369 410 440 ἀργύριον,
448 367 537 423 καὶ
580 368 640 423 ἐν
678 378 797 432 ταῖς
836 379 1176 439 συγγραφαῖς
1214 373 1297 437 εἴη
1339 363 1627 437 τριάκονθ’
1671 365 1798 434 ἡμε·

114 467 229 529 ρῶν
275 457 444 512 αὐτὸν
492 456 797 512 ἀποδοῦναι
845 456 877 526 ἢ
927 457 1217 511 διπλάσιον
1266 456 1535 525 ὀφείλειν,
1582 451 1671 506 καὶ
1719 452 1799 505 ὅτι

113 547 175 599 τὸ
228 549 433 617 χωρίον
485 547 546 600 τὸ
597 544 657 599 ἐν
707 545 972 614 γειτόνων
1022 565 1116 614 μοι
1166 553 1328 598 τοῦτο
1382 540 1566 605 οὐδεὶς
1616 539 1799 594 ἐθέλοι

115 634 241 687 οὔτε
279 637 548 703 πρίασθαι
595 633 720 687 οὔτε
771 637 1053 686 τίθεσθαι·
1102 633 1132 687 ὁ
1173 633 1276 701 γὰρ
1315 630 1554 700 ἀδελφὸς
1593 629 1622 683 ὁ
1659 625 1800 695 Ἀρε-

114 721 374 789 θούσιος,
420 717 488 776 οὗ
533 718 869 789 τάνδράποδ’
908 719 1020 774 ἐστὶ
1069 728 1236 774 ταῦτα
1275 720 1307 773 ἃ
1348 726 1456 772 νῦν
1501 714 1799 785 ἀπογέγρα-

114 827 273 876 πται,
320 808 523 862 οὐδένα
571 805 676 879 ἐςόη
726 809 852 862 οὔτε
903 808 1168 861 ὠνεῖσθαι
1217 800 1341 861 οὔτε
1391 809 1676 873 τίθεσθαι,
1730 803 1801 865 ὡς

53 912 91 943 ιι
116 895 542 966 ἐνοφειλομένου
575 896 721 969 αὑτῷ
758 895 1041 967 ἀργυρίου.
1105 896 1200 949 εσὺ
1235 891 1337 949 οὖν
1377 893 1496 963 μοι’
1537 896 1638 962 ἔφη
1679 891 1801 945 επό·

114 998 274 1055 ρισον
312 986 373 1039 τὸ
415 984 666 1038 ἐλλεῖπον
717 992 816 1039 τοῦ
857 984 1156 1054 ἀργυρίου,
1202 981 1334 1052 πρὶν
1380 982 1475 1044 τὰς
1513 977 1796 1050 τριάκονθ’

114 1071 317 1143 ἡμέρας
355 1077 681 1142 παρελθεῖν,
720 1073 812 1125 ἵνα
851 1074 923 1142 μὴ
967 1072 996 1125 ὃ
1037 1092 1090 1125 τε
1132 1068 1481 1124 ἀποδέδωκα’
1522 1072 1645 1138 ἔφη,
1691 1067 1805 1130 ετὰς

114 1163 291 1232 χιλίας
330 1161 592 1231 δραχμὰς,
631 1160 964 1228 ἀπόλωνται,
1003 1158 1093 1213 καὶ
1131 1159 1294 1222 αὐτὸς
1326 1157 1600 1227 ἀγώγιμος
1638 1155 1804 1224 γένω-

116 1270 226 1318 μαι.
296 1247 557 1313 συλλέξας
608 1246 690 1302 δ”
744 1251 846 1319 ἔφη
900 1248 1070 1314 ε[τὸν]
1125 1250 1354 1316 ἔρανον,
1407 1245 1628 1298 ἐπειδὰν
1678 1245 1805 1306 τοὺς

115 1336 307 1401 ξένους
330 1336 641 1406 ἀπαλλάξω,
673 1335 761 1391 σοὶ
796 1336 1064 1389 ἀποδώσω
1092 1335 1120 1389 ὃ
1145 1337 1215 1388 ἄν
1240 1355 1333 1404 μοι
1359 1335 1575 1405 χρήσῃς.
1639 1328 1805 1386 οἶσθα

117 1423 200 1478 δ”
237 1427 364 1494 ἔφη,
402 1424 520 1479 “ὄτι
570 1423 662 1478 καὶ
710 1425 768 1478 οἰ
809 1426 972 1493 νόμοι
1019 1424 1307 1476 κελεύουσι
1354 1429 1453 1476 τοῦ
1494 1418 1805 1489 λυσαμένου
1824 1434 1939 1474 1250

117 1512 176 1567 ἐκ
213 1523 326 1567 τῶν
363 1516 642 1582 πολεμίων
681 1509 824 1566 εἶναι
863 1514 960 1566 τὸν
1000 1509 1267 1579 λυθέντα,
1308 1509 1404 1564 ἐὰν
1443 1510 1515 1578 μὴ
1557 1507 1804 1580 ἀποδιδῷ

52 1599 182 1654 12τὰ
235 1601 440 1671 λύτρα.’
520 1600 738 1655 ἀκούων
794 1598 845 1654 δ’
904 1600 1074 1653 αὐτοῦ
1139 1607 1308 1653 ταῦτα
1360 1596 1450 1651 καὶ
1506 1598 1687 1650 δοκῶν
1740 1594 1808 1650 οὐ

115 1688 445 1757 ψεύδεσθαι,
485 1688 860 1759 ἀπεκρινάμην
893 1688 1039 1761 αὐτῷ
1076 1689 1211 1758 ἅπερ
1245 1686 1314 1741 ἂν
1345 1685 1468 1749 νέος
1499 1705 1554 1738 τε
1587 1686 1807 1754 ἅνθρω-

116 1793 218 1839 πος
253 1774 345 1829 καὶ
396 1772 609 1839 οἰκείως
655 1777 958 1846 χρώμενος,
1005 1776 1105 1830 οὐκ
1152 1775 1221 1829 ἂν
1270 1776 1497 1844 νομίσας
1541 1772 1805 1842 ἀδικηθῆ-

117 1883 229 1932 ναι,
268 1863 351 1917 ὅτι
385 1859 445 1916 ‘AE
481 1866 851 1934 Νικόστρατε,
890 1861 980 1916 καὶ
1013 1862 1072 1916 ἐν
1103 1870 1177 1934 τῷ
1216 1863 1321 1931 πρὸ
1361 1868 1460 1915 τοῦ
1500 1874 1587 1915 σοι
1625 1862 1807 1932 χρόνῳ

117 1954 278 2021 φίλος
309 1947 394 2020 ἦν
441 1951 734 2022 ἀληθινός,
781 1950 873 2005 καὶ
920 1960 1028 2006 νῦν
1075 1949 1135 2004 ἐν
1187 1959 1303 2013 ταῖς
1349 1959 1656 2019 συμφοραῖς
1701 1963 1808 2015 σοι,

117 2037 249 2094 καθ’
299 2040 434 2093 ὅσον
483 2038 590 2109 ἐγὼ
640 2039 948 2110 ἐδυνάμην,
995 2040 1330 2108 βεβοήθηκα.
1411 2036 1596 2106 ἐπειδὴ
1645 2033 1696 2090 δ’
1747 2036 1808 2090 ἐν

110 2135 194 2200 τῷ
233 2130 464 2197 παρόντι
511 2128 578 2181 οὐ
628 2128 864 2181 δύνασαι
912 2130 1137 2197 πορίσαι
1179 2127 1391 2179 ἅπαντα
1436 2125 1501 2178 τὰ
1547 2126 1809 2195 χρήματα,

121 2215 388 2285 ἀργύριον
426 2214 526 2284 μέν
566 2236 659 2285 μοι
699 2216 766 2269 οὐ
804 2215 1094 2285 πάρεστιν,
1143 2212 1264 2268 οὐδ’
1309 2216 1412 2284 ἔχω
1463 2211 1584 2266 οὐδ’
1628 2212 1809 2279 αὐτός,

121 2312 231 2357 τῶν
271 2299 332 2357 δὲ
369 2304 657 2372 κτημάτων
698 2319 787 2357 σοι
827 2313 937 2356 τῶν
991 2301 1136 2372 ἐμῶν
1182 2305 1403 2372 κίχρημι
1444 2300 1473 2354 ὅ
1512 2321 1562 2354 τι
1601 2302 1810 2371 βούλει,

121 2389 294 2445 θέντα
331 2399 430 2445 τοῦ
469 2389 755 2445 ἐπιλοίπου
802 2390 1072 2461 ἀργυρίου
1112 2390 1247 2444 ὅσου
1289 2389 1440 2444 ἐνδεῖ
1481 2404 1589 2458 σοι,
1628 2388 1809 2443 ἐνιαυ-

122 2481 221 2534 τὸν
267 2477 444 2552 ἀτόκῳ
489 2485 729 2549 χρῆσθαι
778 2485 852 2551 τῷ
905 2477 1148 2551 ἀργυρίῳ
1199 2476 1290 2531 καὶ
1340 2477 1647 2532 ἀποδοῦναι
1696 2486 1811 2540 τοῖς

125 2564 314 2631 ξένοις.
384 2565 645 2630 συλλέξας
684 2564 734 2619 δ’
780 2569 1006 2636 ἔρανον,
1054 2567 1234 2635 ὥσπερ
1276 2564 1437 2627 αὐτὸς
1475 2562 1608 2636 φῄς,
1647 2568 1816 2619 λῦσαί

61 2671 103 2703 1³
126 2653 255 2723 μοι.’
315 2652 555 2715 ἀκούσας
595 2650 645 2706 δ’
690 2649 850 2716 οὗτος
895 2661 1063 2707 ταῦτα
1102 2651 1191 2706 καὶ
1233 2650 1519 2715 ἐπαινέσας
1557 2672 1650 2722 με,
1696 2651 1807 2707 ἐκέ-

128 2746 286 2796 λευσε
324 2743 424 2811 τὴν
462 2745 720 2812 ταχίστην
758 2740 983 2810 πρᾶξαι,
1030 2739 1162 2810 πρὶν
1210 2740 1421 2810 ἐξήκειν
1468 2741 1563 2804 τὰς
1607 2739 1811 2811 ἡμέρας

129 2829 189 2883 ἐν
227 2822 313 2893 αἷς
351 2832 453 2899 ἔφη
489 2830 606 2882 δεῖν
638 2829 703 2881 τὰ
736 2829 906 2898 λύτρα
936 2834 1273 2882 καταθεῖναι.
1334 2831 1527 2898 τίθημι
1566 2823 1669 2882 οὖν
1708 2830 1809 2898 τὴν

130 2919 417 2972 συνοικίαν
456 2914 739 2970 ἑκκαίδεκα
784 2926 938 2985 μνῶν
973 2914 1284 2988 Ἀρκέσαντι
1325 2916 1704 2988 Παμβωτάδῃ,
1743 2916 1810 2969 ὃν
