2035 3158
1924 14 1928 16 -
1934 0 2035 126 ¹:³3

2004 126 2035 143 ⁴2·-

156 121 1291 184 1661..[ΔΗΜοΣΘΕΝοΤΣ]
2008 146 2035 192 3

151 261 535 332 ποιησάμενος,
579 256 699 315 οὐδ’
740 259 822 313 ὅτι
854 267 1160 328 τριηραρχῶ
1192 255 1281 311 καὶ
1315 258 1416 311 οὐκ
1453 256 1524 311 ἂν
1562 257 1834 326 δυναίμην
1857 272 1965 312 1209
2019 283 2035 321 4

154 350 256 403 δύο
289 351 617 421 λητουργίας
652 352 975 418 λητουργειν
1007 343 1136 399 οὐδὲ
1172 345 1230 399 οἶ
1255 348 1417 413 νόμοι
1449 343 1630 408 ἐῶσιν,
1663 347 1834 412 ἔθηκα

152 437 246 500 τὰς
284 436 652 506 προεισφορὰς
691 435 939 502 πρῶτοςζ
989 432 1077 486 καὶ
1126 433 1226 487 οὐκ
1272 431 1697 501 εἰσεπραξάμην,
1743 432 1834 484 διὰ

154 526 213 578 τὸ
251 527 371 578 τότε
410 522 511 594 μὲν
550 522 859 592 ἀποδημεῖν
896 518 1033 591 ὑπὲρ
1073 521 1230 590 ὑμῶν
1268 529 1636 591 τριηραρχῶν,
1680 519 1833 572 ὕστε-

155 631 254 679 ρον
305 608 366 665 δὲ
413 612 785 673 καταπλεύσας
837 612 1162 678 καταλαβεῖν
1212 610 1277 662 τὰ
1326 605 1427 677 μὲν
1477 609 1683 678 εὔπορα
1730 603 1826 677 ὑφ’

91 714 132 746 10
157 697 355 769 ἑτέρων
405 697 888 769 προεξειλεγμένα,
939 699 1002 750 τὰ
1055 694 1103 750 δ’
1162 698 1338 766 ἄπορα
1388 696 1675 749 ὑπόλοιπα.
1743 693 1833 749 καὶ

156 794 321 840 ταῦτα
346 787 426 841 ὅτι
452 785 634 855 ἀληθῆ
662 784 800 854 λέγω
833 787 968 853 πρὸς
1000 784 1156 853 ὑμᾶς,
1188 786 1398 838 τούτων
1432 784 1563 852 ὑμῖν
1589 783 1834 852 ἀναγνώ-

156 887 303 928 σεται
328 875 421 937 τὰς
445 877 742 943 μαρτυρίας
764 882 874 925 τῶν
899 892 953 925 τε
976 873 1039 924 τὰ
1062 873 1416 941 στρατιωτικὰ
1441 875 1558 924 τότε
1586 874 1832 941 εἰσπρατ-

112 958 117 959 ’
156 966 362 1017 τόντων
412 960 501 1014 καὶ
550 971 660 1015 τῶν
712 959 1089 1028 ἀποστολέων,
1139 959 1226 1013 καὶ
1275 962 1402 1023 τοὺς
1455 961 1692 1029 μισθοὺς
1738 959 1834 1021 οὓς

156 1061 271 1115 ταῖς
306 1050 626 1119 ὑπηρεσίαις
665 1047 751 1102 καὶ
792 1059 905 1112 τοῖς
941 1049 1217 1118 ἐπιβάταις
1250 1049 1381 1102 κατὰ
1414 1057 1558 1118 μῆνα
1589 1047 1834 1116 ἐδίδουν,

156 1140 300 1209 παρὰ
324 1149 433 1192 τῶν
458 1147 773 1207 στρατηγῶν
798 1135 1107 1206 σιτηρέσιον
1138 1138 1312 1205 μόνον
1345 1137 1658 1206 λαμβάνων,
1689 1137 1832 1205 πλὴν

158 1229 318 1281 δυοῖν
358 1235 557 1296 μηνοῖν
598 1228 772 1294 μόνον
812 1226 1019 1294 μισθὸν
1060 1224 1118 1277 έν
1157 1223 1314 1277 πέντε
1354 1223 1484 1293 μησὶ
1525 1222 1613 1278 καὶ
1652 1223 1833 1278 ἐνιαυ-

156 1322 251 1387 τῷ,
287 1312 377 1368 καὶ
416 1317 543 1377 τοὺς
579 1314 781 1376 ναύτας
812 1315 940 1375 τοὺς
971 1310 1373 1381 μισθωθέντας,
1413 1310 1501 1365 καὶ
1542 1313 1675 1365 ὅσον
1714 1312 1824 1365 ἔκα-

158 1418 282 1466 στος
322 1405 514 1471 ἔλαβεν
551 1401 838 1471 ἀργύριον,
878 1398 949 1454 ἵν’
997 1401 1054 1454 ἐκ
1093 1401 1302 1454 τούτων
1341 1402 1518 1470 εἰδῆτε
1557 1402 1656 1470 τὴν
1696 1400 1832 1471 ἐμὴν

156 1494 494 1561 προθυμίαν,
530 1488 620 1542 καὶ
660 1485 819 1552 οὗτος
859 1490 998 1542 διότι
1029 1491 1364 1557 παραλαβεῖν
1396 1487 1519 1556 παρ’
1558 1488 1693 1558 ἐμοῦ
1731 1491 1831 1559 τὴν

158 1587 298 1633 ναῦν
364 1578 464 1631 οὐκ
518 1581 744 1647 ἤθελεν,
822 1577 1006 1645 ἐπειδή
1054 1597 1146 1645 μοι
1188 1577 1215 1631 ὁ
1256 1579 1450 1646 χρόνος
1498 1577 1692 1646 ἐξῆλθε
1739 1586 1833 1646 τῆς
1901 1647 1908 1660 .

157 1669 521 1737 τριηραρχίας.

207 1761 211 1764 ⁴
826 1754 1164 1796 MAPTTPIAI.

93 1857 129 1888 ¹1
251 1843 369 1897 Ὅτι
415 1840 515 1913 μὲν
560 1846 751 1896 τοίνυν
800 1840 865 1896 οὐ
911 1843 1184 1911 ψεύδομαι
1229 1844 1364 1911 πρὸς
1408 1842 1547 1911 ὑμᾶς
1591 1841 1715 1910 περὶ
1753 1837 1831 1895 ὧν

156 1923 310 1987 εἷπον
357 1927 399 1985 ὦ
446 1932 643 2000 ἄνδρες
689 1931 962 1999 δικασταί,
1008 1939 1118 1983 τῶν
1166 1940 1480 1999 μαρτυριῶν
1527 1930 1831 1999 ἀναγιγνω-

156 2019 437 2090 σκομένων
491 2018 767 2088 ἀκηκόατε.
841 2020 919 2072 ἔτι
973 2015 1033 2072 δὲ
1082 2017 1206 2088 περὶ
1264 2013 1342 2071 ὧν
1398 2017 1576 2087 μέλλω
1635 2017 1833 2089 λέγειν,

155 2107 388 2171 ἅπαντές
433 2128 524 2177 μοι
572 2107 936 2176 ὁμολογήσετε
987 2106 1069 2160 ὅτι
1117 2105 1296 2176 ἀληθῆ
1346 2106 1509 2160 ε’στιν.
1577 2110 1832 2177 τριήρους

156 2196 258 2265 γὰρ
299 2196 641 2265 ὁμολογεῖται
681 2195 974 2257 κατάλυσις
1012 2190 1172 2263 εἶναι,
1210 2204 1427 2264 πρῶτον
1465 2191 1585 2265 μὲν,
1624 2195 1720 2249 ἐὰν
1758 2197 1830 2266 μὴ

156 2287 361 2353 μισθόν
399 2304 478 2345 τις
528 2283 687 2354 διδῷ,
739 2283 1000 2350 δεύτερον
1051 2279 1141 2343 δὲ.
1192 2282 1287 2335 ἐὰν
1337 2285 1414 2346 εἰς
1461 2285 1559 2337 τὸν
1597 2288 1832 2353 Πειραιᾶ

155 2371 352 2440 μεταξὺ
384 2371 747 2440 καταπλεύσῃ·
782 2369 1067 2433 ἀπόλειψίς
1098 2390 1152 2423 τε
1184 2371 1287 2439 γὰρ
1319 2373 1540 2440 πλείστη
1572 2375 1832 2441 γίγνεται,

155 2460 213 2513 οἵ
246 2479 301 2513 τε
346 2456 752 2527 παραμένοντες
797 2467 907 2510 τῶν
953 2467 1172 2511 ναυτῶν
1219 2457 1319 2512 οὐκ
1366 2458 1620 2513 ἐθέλουσι
1665 2461 1831 2513 πάλιν

157 2547 464 2617 ἐμβαίνειν,
513 2546 607 2599 ἐὰν
655 2548 727 2614 μή
774 2566 855 2608 τις
901 2546 1085 2609 αὐτοῖς
1130 2545 1315 2615 ἕτερον
1361 2546 1627 2617 ἀργύριον
1673 2549 1832 2620 διδῷ,

157 2636 292 2688 ὥστε
332 2636 397 2687 τὰ
437 2636 607 2688 οἰκεῖα
655 2635 1056 2702 διοικήσασθαι.
1134 2633 1167 2688 ἃ
1214 2632 1334 2704 ἐμοὶ
1379 2634 1657 2705 ἀμφότερα
1701 2650 1831 2691 συν-

157 2721 252 2793 έβη
294 2718 336 2775 ὦ
377 2723 576 2791 ἄνδρες
616 2723 891 2791 δικασταί,
937 2723 1072 2776 ὥστε
1117 2721 1578 2792 πολυτελεστέραν
1615 2744 1708 2793 μοι
1745 2738 1962 2794 yle-1210
2025 2774 2035 2779 -

90 2821 133 2854 ¹³
156 2809 354 2864 νέσθαι
378 2812 478 2880 τὴν
502 2813 874 2881 τριηραρχίαν.
935 2808 1025 2864 καὶ
1048 2811 1151 2882 γὰρ
1176 2812 1380 2880 μισθὸν
1406 2810 1606 2864 οὐδένα
1630 2813 1830 2882 ἔλαβον

156 2899 301 2965 παρὰ
335 2905 435 2952 τοῦ
467 2907 770 2969 στρατηγοῦ
802 2896 940 2952 ὀκτὼ
974 2908 1181 2970 μηνῶν,
1219 2896 1310 2952 καὶ
1339 2897 1674 2972 κατέπλευσα
1702 2902 1831 2965 τοὺς
