2035 3158
433 175 593 216 RATA
623 174 836 217 ETEPP.
867 175 971 215 ΚΑΙ
999 175 1249 217 ΜΝΗΣΙΒ.
1281 173 1463 216 ΨΕΤΔ.
1701 171 1805 223 123

125 305 576 377 συμβουλεύομέν
616 321 726 360 σοι·
775 305 961 374 ἐπειδὴ
1009 304 1172 368 αὐτὸς
1217 301 1318 374 μὲν
1365 306 1431 359 οὐ
1482 304 1806 374 παρεγένου,

41 390 44 392 ’
124 394 158 464 ἡ
198 391 259 448 δὲ
297 396 437 464 γυνὴ
477 392 568 448 καὶ
605 395 671 447 τὰ
709 396 927 462 παιδία,
974 394 1132 447 ἄλλοι
1173 392 1237 446 δέ
1273 407 1361 447 σοι
1399 394 1668 464 μάρτυρες
1706 393 1805 448 οὐκ

124 485 289 537 εἰσίν·
330 481 593 553 ὀνομαστὶ
631 480 732 552 μὲν
771 480 966 552 μηδενὶ
1004 482 1421 550 προαγορεύειν,
1460 491 1573 544 τοῖς
1612 483 1804 551 δεδρα-

124 573 248 626 κόσι
288 567 350 625 δὲ
380 569 472 625 καὶ
501 575 801 639 κτείνασιν,
838 567 952 623 εἶτα
991 571 1126 639 πρὸς
1165 571 1261 622 τὸν
1300 567 1526 638 βασιλέα
1565 571 1637 638 μὴ
1679 574 1807 638 λαγ-

57 679 102 712 ‘10
124 659 329 729 χάνειν.
390 655 520 713 οὐδὲ
559 659 663 729 γὰρ
703 658 764 712 ἐν
791 662 876 730 ’τῷ
917 660 1069 729 νόμω
1111 660 1224 710 ἔστι
1257 672 1366 711 σοι·
1407 657 1475 711 οὐ
1513 658 1617 726 γάρ
1659 656 1807 710 ἐστιν

125 745 186 800 ἐν
222 744 369 815 γένει
409 761 496 800 σοι
535 746 568 815 ἡ
610 747 934 816 ἄνθρωπος,
974 743 1105 799 οὐδὲ
1143 746 1485 816 θεράπαινα,
1526 745 1578 810 ἐξ
1620 741 1697 799 ὧν
1738 749 1806 799 σὺ

124 832 320 902 λέγεις·
369 835 427 889 οἱ
470 831 530 888 δὲ
581 836 741 904 νόμοι
781 835 992 887 τούτων
1039 836 1326 887 κελεύουσι
1366 835 1466 903 τὴν
1506 834 1695 898 δίωξιν
1734 831 1807 888 εἷ-

123 937 238 976 ναι·
285 920 412 977 ὥστ’
457 924 509 976 εἰ
554 923 739 991 διομεῖ
782 921 868 975 ἐπὶ
908 923 1208 995 Παλλαδίῳ
1255 922 1418 986 αὐτὸς
1464 920 1555 975 καὶ
1592 922 1626 991 ἡ
1666 923 1806 990 γυνὴ

122 1008 214 1063 καὶ
263 1010 329 1063 τὰ
379 1011 571 1064 παιδία
620 1008 710 1064 καὶ
756 1010 1131 1080 καταράσεσθε
1184 1010 1372 1074 αὑτοῖς
1410 1008 1501 1064 καὶ
1539 1017 1602 1080 τῇ
1644 1013 1807 1081 οἰκίᾳ,

124 1101 322 1169 χείρων
359 1117 417 1152 τε
457 1097 633 1162 δόξεις
670 1102 895 1160 πολλοῖς
933 1094 1102 1167 εἶναι,
1151 1097 1255 1151 κᾶν
1295 1095 1396 1167 μὲν
1435 1098 1692 1170 ἀποφύγῃ
1732 1096 1808 1166 σ’,

125 1180 535 1256 ἐπιωρκηκέναι,
575 1185 670 1239 ἐὰν
704 1182 764 1239 δὲ
790 1185 931 1256 ἕλῃς,
970 1188 1260 1255 φθονήσει.
1324 1184 1441 1239 ἀλλ’
1479 1183 1617 1257 ὑπὲρ
1650 1200 1803 1239 σεαυ-

123 1281 224 1328 τοῦ
261 1272 352 1326 καὶ
389 1281 485 1342 τῆς
516 1276 689 1337 οἰκίας
720 1273 1172 1344 ἀφοσιωσάμενος
1211 1275 1281 1337 ὡς
1322 1275 1495 1346 ῥᾷστα
1533 1275 1633 1344 τὴν
1674 1290 1807 1343 συμ-
1832 1288 1934 1327 1161

59 1384 101 1416 u
125 1362 307 1432 φορὰν
338 1361 548 1433 φέρειν,
587 1364 724 1433 ἄλλῃ
758 1359 818 1416 δὲ
850 1368 905 1416 εἴ
936 1381 1009 1433 πῃ
1050 1364 1260 1432 βούλει,
1299 1362 1578 1432 τιμωροῦ.’
1639 1371 1808 1416 ταῦτα

124 1450 362 1514 ἀκούσας
401 1450 506 1520 ἐγὼ
553 1460 664 1504 τῶν
713 1451 1013 1520 ἐξηγητῶν,
1059 1449 1149 1504 καὶ
1189 1454 1317 1514 τοὺς
1355 1453 1561 1519 νόμους
1601 1450 1809 1504 ἐπισκε-

124 1538 367 1607 ψάμενος
397 1541 526 1602 τοὺς
556 1548 664 1594 τοῦ
688 1540 1008 1609 Δράκοντος
1041 1539 1099 1593 ἐκ
1130 1547 1223 1608 τῆς
1264 1543 1479 1609 στήλης,
1520 1538 1809 1608 ἐβουλευό-

124 1647 234 1696 μην
286 1627 418 1695 μετὰ
470 1637 581 1681 τῶν
635 1631 816 1697 φίλων
864 1627 893 1680 ὅ
940 1647 993 1681 τι
1039 1630 1142 1698 χρή
1190 1647 1254 1696 με
1295 1637 1488 1680 ποιεῖν.
1568 1632 1809 1698 συμβου-

125 1718 404 1769 λευόντων
443 1714 507 1769 δέ
541 1735 635 1784 μοι
674 1716 868 1784 ταύτά,
909 1716 941 1769 ἃ
982 1712 1082 1784 μὲν
1121 1712 1258 1784 ὑπὲρ
1298 1724 1392 1784 τῆς
1431 1718 1604 1778 οἰκίας
1641 1731 1810 1787 προσ-

124 1802 226 1872 ῆκέ
274 1794 619 1872 μοικπρᾶξαι
672 1802 762 1857 καὶ
814 1804 845 1857 ἃ
899 1803 1231 1873 ἐξηγήσαντό
1287 1824 1379 1872 μοι
1431 1805 1488 1857 015
1539 1803 1811 1873 ἐξηγηταί,

127 1890 384 1961 ἐποίησα,
437 1891 471 1945 ἃ
522 1889 570 1945 δ’
631 1891 689 1946 ἐκ
741 1902 851 1945 τῶν
902 1895 1090 1961 νόμων
1143 1890 1323 1945 οὐκέτι
1373 1912 1466 1960 μοι
1515 1901 1810 1962 προσῆκεν,

60 2001 102 2034 '12
126 1978 361 2049 ἡσυχίαν
392 1976 558 2050 εἶχον.
612 1981 822 2033 κελεύει
863 1981 966 2048 γὰρ
993 1980 1021 2034 ὁ
1053 1982 1223 2049 νόμος
1257 1975 1297 2032 ὦ
1332 1980 1528 2049 ἄνδρες
1562 1980 1811 2034 δικασταὶ

124 2069 253 2130 τοὺς
289 2070 665 2138 προσήκοντας
713 2066 979 2132 ἐπεξιέναι
1027 2067 1183 2137 μέχρι
1223 2067 1571 2135 ἀνεψιαδῶν,
1620 2066 1710 2120 καὶ
1750 2068 1811 2121 ἐν

125 2163 199 2228 τῷ
241 2155 386 2229 ὅρκῳ
427 2155 728 2225 ἐπερωτᾶν,
767 2159 824 2210 τί
858 2159 1151 2225 προσήκων
1195 2155 1326 2223 ἐστί,
1366 2154 1468 2207 κᾶν
1509 2154 1717 2224 οἰκέτης
1756 2151 1811 2227 ᾖ,

126 2244 340 2296 τούτων
370 2244 465 2306 τὰς
496 2243 810 2313 ἐπισκήψεις
842 2240 998 2297 εἶναι.
1062 2242 1180 2312 ἐμοὶ
1216 2240 1276 2295 δὲ
1310 2244 1433 2297 οὔτε
1468 2242 1612 2311 γένει
1643 2260 1810 2313 προσ-

126 2339 257 2400 ῆκεν
293 2331 327 2400 ἡ
368 2332 663 2401 ἄνθρωπος
701 2331 894 2401 οὐδέν,
940 2334 992 2385 εἰ
1036 2333 1108 2401 μὴ
1152 2332 1283 2385 ὅσον
1322 2333 1482 2401 τιτθὴ
1524 2331 1810 2402 γενομένη,

128 2416 249 2473 οὐδ’
294 2414 365 2472 αὖ
414 2420 725 2487 θεράπαινά
774 2437 859 2488 γε·
914 2419 1105 2489 ἀφεῖτο
1156 2421 1260 2489 γὰρ
1311 2421 1417 2474 ὑπὸ
1465 2428 1565 2473 τοῦ
1609 2424 1810 2491 πατρὸς

126 2516 227 2562 τοῦ
273 2507 406 2576 ἐμοῦ
457 2506 723 2576 ἐλευθέρα
770 2506 861 2561 καὶ
906 2507 1071 2578 χωρὶς
1111 2507 1240 2580 ᾤκει
1290 2507 1381 2561 καὶ
1421 2510 1599 2577 ἄνδρα
1639 2512 1809 2579 ἔσχεν.

62 2617 104 2650 '13
127 2595 444 2659 ψεύσασθαι
491 2592 552 2648 δὲ
597 2597 734 2665 πρὸς
780 2596 920 2664 ὑμᾶς
965 2595 1056 2649 καὶ
1107 2597 1479 2665 διομόσασθαι
1519 2596 1683 2658 αὐτὸς
1720 2595 1810 2649 καὶ

127 2684 224 2737 τὸν
260 2685 387 2737 υἱὸν
437 2682 527 2736 καὶ
572 2685 673 2753 τὴν
719 2694 951 2752 γυναῖκα
999 2684 1100 2738 οὐκ
1139 2684 1207 2737 ἂν
1248 2685 1536 2754 ἐτόλμησα,
1576 2683 1695 2738 οὐδ’
1743 2685 1812 2738 ἂν

127 2772 179 2823 εἰ
213 2767 277 2825 εὖ
315 2770 475 2842 ᾔδειν
514 2758 598 2825 ὅτι
637 2772 917 2841 αἱρήσοιμι
957 2773 1182 2847 αὐτούς·
1224 2773 1291 2826 οὐ
1330 2774 1433 2842 γὰρ
1475 2773 1649 2837 οὕτως
1686 2776 1812 2828 τού·

127 2877 256 2922 τους
292 2868 453 2928 μισῶ,
492 2860 565 2923 ὡς
605 2859 840 2929 ἐμαυτὸν
878 2865 1036 2930 φιλῶ.
1106 2862 1198 2913 ἵνα
1239 2857 1299 2914 δὲ
1338 2862 1410 2929 μὴ
1451 2864 1596 2935 λόγῳ
1635 2864 1810 2931 μόνον

127 2945 401 3017 ἀκούσητέ
433 2967 562 3017 μου,
600 2947 770 3002 αὐτὸν
809 2948 943 3017 ὑμῖν
981 2949 1079 3002 τὸν
1119 2950 1292 3017 νόμον
1331 2947 1718 3017 ἀναγνώσεται.
