2035 3158
148 156 253 208 194
654 159 747 200 Lu,
794 157 1309 214 [ΔΗΜΟΣΘΕΝΟΎΣ]

91 272 110 280 o

148 290 352 357 ἤθελον
390 291 565 363 τούτῳ
604 291 808 359 ταύτην
847 289 963 358 ἥτις
1007 294 1089 358 εἴη
1130 291 1355 357 μεγίστη
1395 291 1572 351 πίστις
1610 289 1826 357 δοῦναι,

72 392 119 421 13
148 372 179 444 ἦ
219 378 328 446 μὴν
368 376 472 446 ἐγὼ
511 384 611 431 τοῦ
642 378 843 447 πατρὸς
875 375 1112 429 ἀκούειν.
1177 372 1336 438 οὗτος
1368 372 1429 429 δὲ
1461 375 1490 430 6
1523 375 1691 440 ἀξιῶν
1721 373 1818 445 ὑφ’

143 463 298 532 ὑμῶν
326 466 682 519 πιστεύεσθαι
715 464 787 527 ὡς
819 464 1000 532 ἀληθῆ
1033 462 1228 532 λέγων,
1247 467 1381 533 τρία
1413 466 1503 532 ἔτη
1537 465 1826 534 διαλιπών,

142 550 328 622 ἐπειδὴ
367 553 428 606 τὸ
468 561 686 622 πρῶτον
726 550 1113 620 διαλεχθέντος
1159 559 1258 605 τοῦ
1297 553 1498 620 πατρὸς
1536 560 1610 623 τῷ
1645 548 1825 622 Ἀρχε-

139 638 306 710 βιάδῃ
344 638 435 693 καὶ
473 650 584 702 τοῖς
616 641 801 701 ἄλλοις
835 649 945 701 τοῖς
978 640 1329 708 Κηφισιάδου
1364 638 1686 707 ἐπιτηδείοις
1725 639 1826 692 οὐκ

141 729 351 795 ἔφασαν
391 730 691 799 Καλλίππῳ
732 726 1020 795 προσέχειν
1060 729 1156 779 τὸν
1195 735 1334 780 νοῦν
1375 724 1494 779 οὐδ’
1541 720 1623 788 οἷς
1661 725 1826 795 λέγει,

140 813 327 883 ἐπειδὴ
375 813 578 885 ᾔσθετο
627 814 912 876 ἀδυνάτως
958 816 1061 882 ἤδη
1112 817 1304 884 ἔχοντα
1350 817 1446 868 τὸν
1492 812 1696 884 πατέρα
1734 812 1824 868 καὶ

140 904 296 969 μόλις
335 904 411 963 εἰς
450 903 585 954 ἄστυ
625 900 995 969 ἀναβαίνοντα
1041 900 1130 954 καὶ
1178 903 1274 955 τὸν
1322 901 1615 970 ὀφθαλμὸν
1654 902 1824 956 αὐτὸν

79 1006 116 1036 ¹4
140 990 506 1058 προδιδόντα,
558 990 811 1059 λαγχάνει
873 989 1016 1060 αὐτῷ
1080 991 1269 1058 δίκην,
1330 989 1395 1043 οὐ
1447 991 1519 1058 μά
1570 987 1666 1043 Δί’
1724 989 1823 1060 οὐχ
1843 1008 1955 1047 1240

141 1077 321 1147 ὥσπερ
371 1085 477 1131 νῦν
531 1076 827 1146 ἀργυριόυ,
879 1075 1015 1129 ἀλλὰ
1066 1078 1304 1146 βλάβης,
1355 1077 1644 1145 ἐγκαλέσας
1694 1079 1825 1147 βλά-

138 1184 293 1218 πτειν
341 1163 535 1218 ἑαυτὸν
590 1165 925 1218 ἀποδιδόντα
973 1166 1291 1235 Κηφισιάδῃ
1347 1167 1407 1219 τὸ
1455 1164 1748 1235 ἀργύριον,
1792 1165 1823 1219 ὃ

138 1251 388 1305 κατέλιπε
427 1254 630 1306 Λύκων
671 1252 700 1307 6
741 1251 1122 1322 ‘Hpaxaecbmyg
1169 1251 1294 1321 παρ’
1343 1252 1516 1324 αὐτῷ,
1557 1253 1689 1306 ἄνευ
1729 1253 1824 1307 αὑ-

138 1349 237 1394 τοῦ
278 1340 693 1410 ὁμολογήσαντα
733 1342 804 1409 μὴ
846 1339 1170 1394 ἀποδώσειν.
1240 1342 1423 1410 λαχὼν
1456 1338 1514 1393 δὲ
1546 1341 1691 1409 παρὰ
1723 1337 1824 1410 μὲν

140 1437 239 1482 τοῦ
278 1430 557 1497 διαιτητοῦ
598 1428 840 1482 ἀνείλετο
880 1430 939 1483 τὸ
981 1439 1378 1498 γραμματεῖον,
1417 1428 1823 1498 προύκαλέσατο

141 1514 190 1569 δ’
230 1516 397 1569 αὐτὸν
439 1516 720 1587 ἐπιτρέψαι
753 1519 1084 1588 Λυσιθείδῃ,
1125 1516 1296 1571 αὑτοῦ
1327 1514 1429 1586 μὲν
1460 1516 1549 1570 καὶ
1584 1515 1822 1586 Ἰσοκρά-

139 1625 266 1667 τους
303 1603 392 1657 καὶ
434 1601 708 1674 Ἀφαρέως
761 1602 985 1677 ἑταίρῳ,
1036 1607 1295 1677 γνωρίμῳ
1347 1601 1407 1657 δὲ
1457 1613 1556 1658 τοῦ
1605 1605 1822 1673 πατρός.

77 1709 116 1741 15
140 1691 527 1762 ἐπιτρέψαντος
565 1690 625 1745 δὲ
663 1701 762 1746 τοῦ
800 1695 1020 1762 πατρός,
1061 1691 1125 1746 ὃν
1157 1688 1258 1761 μὲν
1289 1694 1495 1762 χρόνον
1527 1693 1611 1759 ἔζη
1654 1691 1681 1744 6
1723 1709 1823 1743 πα-

137 1782 258 1850 τήρ,
298 1780 442 1849 ὅμως
479 1784 670 1849 καίπερ
713 1781 924 1843 οἰκείως
972 1782 1111 1850 ἔχων
1159 1781 1375 1843 τούτοις
1413 1780 1442 1834 6
1482 1781 1823 1848 Λυσιθείδης

139 1869 240 1922 οὐκ
279 1868 478 1938 ἐτόλμα
519 1865 684 1921 οὐδὲν
717 1870 792 1930 είς
824 1868 963 1936 ἡμᾶς
998 1868 1401 1937 ἐξαμαρτάνειν.
1462 1870 1638 1921 καίτοι
1678 1868 1820 1920 οὕτω

138 1953 281 2019 τινες
314 1955 666 2026 ἀναίσχυντοι
699 1965 807 2009 τῶν
841 1958 1058 2009 οἰκείων
1090 1966 1200 2009 τῶν
1233 1957 1451 2024 τούτου,
1496 1956 1631 2009 ὥστε
1673 1954 1819 2009 ἐτόλ-

138 2058 317 2113 μησαν
371 2052 744 2114 μαρτυρῆσαι,
800 2044 871 2106 ὡς
922 2044 949 2098 ὁ
999 2042 1098 2112 μὲν
1155 2045 1472 2106 Κάλλιππος
1526 2044 1692 2112 ὅρκον
1745 2052 1821 2116 τῷ

139 2130 299 2201 πατρὶ
339 2133 480 2201 δοίη,
533 2132 561 2186 6
604 2128 663 2184 δὲ
703 2133 878 2201 πατὴρ
931 2131 1032 2185 οὐκ
1086 2131 1268 2186 ἐθέλοι
1323 2132 1516 2201 ὀμόσαι
1563 2132 1706 2200 παρὰ
1746 2139 1819 2204 τῷ

139 2221 468 2290 Λυσιθείδῃ,
507 2217 596 2272 καὶ
631 2225 840 2273 οἴονται
872 2219 1010 2289 ὑμᾶς
1042 2224 1250 2273 πείσειν
1283 2221 1355 2283 ὡς
1394 2220 1421 2274 ὁ
1462 2221 1822 2289 Λυσιθείδης,

137 2310 335 2370 οἰκεῖος
373 2304 474 2375 μὲν
514 2307 591 2360 ὢν
630 2315 702 2379 τῷ
740 2309 1061 2381 Καλλίππῳ,
1105 2309 1329 2360 διαιτῶν
1364 2304 1424 2360 δὲ
1455 2310 1554 2376 τὴν
1588 2309 1822 2376 δίαιταν,

139 2391 383 2466 ἀπέσχετ’
430 2394 498 2448 ἂν
537 2396 609 2463 μὴ
651 2395 751 2447 οὐκ
790 2395 961 2457 εὐθὺς
1008 2404 1106 2449 τοῦ
1153 2398 1354 2463 πατρὸς
1393 2397 1820 2465 καταδιαιτῆσαι,

139 2484 309 2538 αὐτοῦ
347 2501 408 2552 γε
456 2481 627 2554 ἑαυτῷ
676 2484 748 2552 μὴ
795 2482 1059 2545 θέλοντος
1107 2484 1368 2536 δικαστοῦ
1415 2482 1674 2551 γενέσθαι
1721 2492 1819 2538 τοῦ

77 2586 115 2617 ¹6
139 2574 354 2641 πατρός.
417 2570 488 2633 ὡς
528 2567 588 2624 δὲ
622 2570 726 2639 ἐγὼ
761 2567 859 2639 μὲν
894 2570 1074 2640 ἀληθῆ
1107 2569 1265 2639 λέγω,
1306 2567 1458 2624 οὗτοι
1493 2568 1549 2623 δὲ
1588 2572 1818 2632 ψεύδον-

139 2679 244 2727 ται,
281 2668 500 2728 πρῶτον
539 2654 639 2727 μὲν
680 2658 812 2712 αὐτὸ
854 2659 984 2727 ὑμῖν
1025 2667 1184 2712 τοῦτο
1225 2659 1470 2727 γενέσθω
1511 2662 1820 2728 τεκμήριον,

139 2746 221 2799 ὅτι
265 2747 592 2814 κατεγνώκει
640 2746 709 2799 ἂν
757 2746 929 2800 αὐτοῦ
969 2746 997 2800 6
1040 2748 1405 2815 Λυσιθείδης,
1453 2745 1541 2799 καὶ
1589 2747 1670 2800 ὅτι
1712 2747 1818 2815 ἐγὼ
1911 2792 1916 2795 ⁷

139 2833 362 2902 ἐξούλης
411 2833 479 2886 ἂν
531 2836 767 2903 ἔφευγον
818 2842 953 2902 νῦν,
1005 2831 1123 2887 ἀλλ’
1169 2834 1269 2887 οὐκ
1320 2833 1586 2904 ἀργυρίου
1635 2835 1817 2902 δίκην·
1890 2826 1892 2828 ’

138 2923 273 2990 πρὸς
312 2918 371 2975 δὲ
411 2922 585 2994 τούτῳ
633 2921 737 2989 ἐγὼ
789 2921 916 2991 ὑμῖν
963 2923 1089 2984 τοὺς
1133 2924 1405 2989 παρόντας
1453 2920 1702 2975 ἑκάστοτε
1742 2929 1818 2994 τῷ
