2035 3158
181 143 252 192 84
694 142 827 184 XLV.
870 141 1332 183 ΔΗΜΟΣΘΕΝΟΤΣ

179 289 310 328 σατο
363 276 460 328 τὸν
514 276 840 343 Φορμίωνος
892 277 1133 327 πλοῦτον
1182 272 1216 343 ἣ
1268 275 1332 328 τὰ
1395 281 1487 343 τῆς
1536 276 1855 343 συγγενείας

111 378 155 411 55
178 361 468 429 ἀναγκαῖα;
508 359 646 414 ἀλλὰ
683 362 794 431 μὴν
832 361 914 414 ὅτι
954 359 1102 415 ταῦτ’
1148 360 1328 430 ἀληθῆ
1369 360 1535 430 λέγω,
1583 358 1713 430 λαβέ
1750 362 1852 430 τὴν

176 451 486 519 μαρτυρίαν
504 450 605 519 τὴν
621 453 853 504 Δεινίου
878 449 1306 518 κάναγίγνωσκε,
1329 447 1418 502 καὶ
1436 449 1587 502 κάλει
1604 452 1852 502 Δεινίαν.

849 609 1162 651 ΜΑΡΤΤΡΙΑ.

359 717 557 776 Δεινίας
602 716 916 781 Θεομνήστου
959 711 1234 781 Ἀθμονεὺς
1282 721 1521 781 μαρτυρεῖ
1558 715 1646 780 τὴν
1690 721 1851 782 θυγα-

247 793 358 860 τέρα
399 794 559 862 <τὴν>
597 796 749 847 αὑτοῦ
797 795 1027 846 ἐκδοῦναι
1061 793 1410 867 Ἀπολλοδώρῳ
1458 796 1578 846 κατὰ
1616 795 1730 855 τοὺς
1767 795 1851 846 νό-

246 895 371 940 μους
411 882 622 943 γυναῐκα
663 877 805 943 ἔχειν,
844 876 926 926 καὶ
963 878 1285 942 μηδεπώποτε
1323 876 1690 944 παραγενέσθαι
1727 873 1852 940 μηδὲ

247 956 531 1022 αἰσθέσθαι,
558 957 628 1007 ὅτι
647 953 1013 1021 Ἀπολλόδωρος
1044 957 1205 1023 ἀφῆκε
1235 965 1332 1007 τῶν
1358 956 1668 1023 ἐγκλημάτων
1692 953 1850 1005 ἁπάν-

245 1058 342 1088 των
384 1039 665 1103 Φορμίωνα.

107 1171 147 1201 56
267 1150 491 1222 Ὅμοιός
528 1151 578 1222 γ’
625 1153 654 1207 ὁ
689 1156 914 1216 Δεινίας
953 1149 995 1206 ὦ
1035 1154 1234 1222 ἄνδρες
1273 1149 1522 1205 δικασταὶ
1559 1151 1754 1224 τούτῳ,
1792 1150 1854 1214 ὃς

170 1238 309 1309 ὑπὲρ
348 1248 441 1309 τῆς
478 1243 757 1310 θυγατρὸς
795 1239 883 1293 καὶ
915 1250 1026 1294 τῶν
1057 1241 1412 1308 θυγατριδῶν
1451 1237 1542 1292 καὶ
1581 1238 1716 1308 ἐμοῦ
1753 1247 1853 1292 τοῦ

170 1330 437 1398 κηδεστοῦ
476 1329 567 1381 διὰ
607 1330 706 1398 τὴν
746 1327 1070 1397 συγγένειαν
1118 1324 1249 1381 οὐδὲ
1296 1326 1508 1396 τάληθῆ
1555 1335 1852 1396 μαρτυρεῖν

172 1415 352 1469 ἐθέλει
389 1416 523 1469 κατὰ
562 1417 774 1469 τούτου.
844 1414 962 1468 ἀλλ’
1009 1416 1108 1486 οὐχ
1157 1413 1345 1468 οὑτοσὶ
1392 1414 1705 1483 Στέφανος,
1750 1413 1851 1466 οὐκ

172 1505 382 1573 ὤκνησε
422 1502 547 1557 καθ’
594 1504 749 1573 ἡμῶν
788 1505 852 1558 τὰ
893 1505 1067 1571 ψευδῆ
1108 1512 1431 1572 μαρτυρεῖν,
1481 1500 1627 1570 οὐδ’,
1665 1504 1716 1556 εἰ
1750 1522 1851 1571 μη-

171 1591 304 1645 δένα
341 1601 451 1646 τῶν
490 1593 691 1662 ἄλλων,
730 1595 831 1662 τὴν
863 1593 1034 1646 αὑτοῦ
1065 1590 1268 1661 μητέρα
1312 1589 1560 1662 ᾐσχύνθη
1601 1599 1715 1653 τοῖς
1752 1588 1842 1642 ἀπ’

171 1679 381 1750 ἐκείνης
419 1681 640 1743 οἰκείοις
678 1689 772 1750 τῆς
811 1680 1035 1751 ἐσχάτης
1083 1679 1292 1743 ἐνδείας
1332 1685 1501 1741 αἰτιος
1540 1680 1848 1747 γενόμενος.

105 1786 144 1817 57
271 1764 347 1820 “0
396 1770 586 1821 τοίνυν
637 1770 850 1822 ἔπαθον
901 1769 1215 1821 δεινότατον
1265 1764 1354 1819 καὶ
1407 1764 1491 1836 ἐφ’
1538 1760 1581 1838 ᾧ
1630 1763 1842 1835 μάλιστ’

170 1854 468 1924 ἐξεπλάγην
519 1853 596 1909 ὅτ’
643 1857 986 1925 ἠγωνιζόμην
1033 1850 1076 1907 ὦ
1127 1855 1326 1923 ἄνδρες
1366 1856 1640 1922 δικασταί,
1684 1853 1842 1907 τοῦθ’

167 1943 301 2012 ὑμῖν
352 1945 524 1996 εἰπεῖν
573 1946 864 2013 βούλομαι·
923 1946 1022 2012 τήν
1073 1961 1129 1996 τε
1179 1943 1282 2011 γὰρ
1334 1943 1531 1996 τούτου
1580 1945 1848 2011 πονηρίαν

170 2034 248 2085 ἔτι
293 2035 503 2100 μᾶλλον
553 2032 708 2100 ὑμεῖς
754 2033 992 2099 ὄψεσθε,
1038 2030 1127 2084 καὶ
1176 2030 1280 2098 ἐγὼ
1321 2040 1430 2083 τῶν
1469 2029 1848 2099 γεγενημένων

169 2119 584 2188 ἀποδυράμενος
632 2121 696 2172 τὰ
746 2123 970 2172 πλεῖστα
1026 2120 1161 2187 πρὸς
1215 2119 1356 2187 ὑμᾶς
1414 2116 1644 2187 ὡσπερεὶ
1695 2115 1848 2188 ῥᾴων

169 2210 373 2277 ἔσομαι.
434 2208 534 2276 τὴν
574 2208 676 2277 γὰρ
716 2211 1039 2277 μαρτυριάν,
1077 2206 1146 2275 ἣν
1185 2205 1339 2277 ᾤμην
1371 2203 1511 2259 εἶναι
1544 2204 1633 2258 καὶ
1669 2203 1740 2259 δι’
1786 2201 1978 2273 ἧςιιιθ
2020 2259 2023 2262 ,

168 2292 238 2364 ἦν
278 2295 307 2349 ὁ
346 2298 598 2356 πλεῖστος
629 2296 846 2364 ἔλεγχός
877 2314 990 2362 μοι,
1028 2294 1230 2361 ταύτην
1269 2292 1369 2363 οὐχ
1408 2288 1573 2361 εὗρον
1614 2291 1847 2346 ἐνοῦσαν

107 2401 146 2432 58
169 2383 230 2436 ἐν
280 2390 354 2455 τῷ
406 2382 582 2454 ἐχίνῳ.
655 2385 772 2436 τότε
823 2380 923 2451 μὲν
974 2383 1040 2450 δὴ
1092 2388 1164 2453 τῷ
1217 2380 1361 2452 κακῷ
1411 2379 1634 2449 πληγεὶς
1681 2380 1848 2433 οὐδὲν

169 2469 287 2524 ἀλλ’
333 2467 483 2541 εἶχον
532 2471 797 2539 [ποιῆσαι]
845 2471 988 2538 πλὴν
1035 2469 1476 2538 ὑπολαμβάνειν,
1525 2470 1625 2537 τὴν
1675 2467 1847 2538 ἀρχὴν

169 2557 485 2628 ἠδικηκέναι
523 2578 588 2627 με
628 2556 717 2610 καὶ
757 2560 853 2611 τὸν
887 2557 1070 2627 ἐχῖνον
1103 2556 1457 2624 κεκινηκέναι.
1518 2565 1623 2610 νῦν
1657 2554 1706 2609 δ’
1746 2554 1839 2626 ἀφ’

170 2643 246 2699 ὧν
295 2647 527 2714 ὕστερον
577 2645 881 2714 πέπυσμαι,
929 2647 1064 2713 πρὸς
1114 2645 1259 2716 αὐτῷ
1312 2652 1385 2716 τῷ
1429 2646 1670 2713 διαιτητῇ
1712 2644 1844 2697 Στέ-

168 2754 347 2804 φανον
380 2732 597 2787 τουτονὶ
629 2735 831 2802 ταύτην
862 2731 1217 2803 ὑφῃρημένον
1248 2725 1500 2801 εὑρίσκω,
1538 2734 1672 2801 πρὸς
1709 2752 1844 2802 μαρ-

168 2826 361 2892 τυριάν
411 2820 540 2890 τιν’,
591 2819 661 2874 ἵν’
717 2817 1095 2890 ἐξορκώσαιμ’,
1147 2820 1479 2882 ἀναστάντος
1531 2819 1679 2889 ἐμοῦ.
1753 2819 1843 2873 καὶ

170 2912 256 2965 ὅτι
291 2909 438 2964 ταῦτ’
480 2910 658 2979 ἀληθῆ
696 2909 851 2977 λέγω,
889 2917 1105 2976 πρῶτον
1137 2905 1238 2976 μὲν
1269 2908 1401 2976 ὑμῖν
1435 2911 1841 2976 μαρτυρήσουσι
