2035 3158
331 180 488 220 ΚΑΤΑ
519 179 730 222 ETEPP.
762 181 864 220 ΚΑΙ
895 181 1141 222 mmmm.
1175 181 1346 221 ΨΕΤΔ
1591 179 1691 230 109

7 311 354 381 τριηράρχοις
392 321 505 375 τοῖς
552 311 839 365 ἐκπλέουσι
885 315 1005 365 τότε
1052 311 1141 365 καὶ
1189 321 1303 375 τοῖς
1351 312 1694 381 ἐπιμεληταῖς

7 407 121 462 τοῖς
151 398 212 453 έν
243 409 359 463 ταῖς
390 404 731 470 συμμορίαις.
794 399 823 454 ὁ
858 397 918 453 δὲ
949 402 1120 469 νόμος
1151 401 1181 454 ὁ
1213 408 1312 453 τοῦ
1337 400 1691 469 Περιάνδρου

9 487 271 556 ἠνάγκαζε
310 486 401 541 καὶ
439 487 762 559 προσέταττε
810 491 1149 557 παραλαβεῖν
1195 490 1324 550 τοὺς
1370 489 1692 557 ὀφείλοντας

7 576 72 628 τὰ
111 577 297 645 σκεύη,
335 573 462 629 καθ’
509 576 574 629 ὃν
614 577 676 629 αἱ
717 580 1014 645 συμμορίαι
1062 577 1496 646 συνετάχθησαν.
1557 577 1693 641 πρὸς

9 660 69 716 δὲ
114 665 329 727 τούτοις
373 663 558 733 ἕτερον
605 663 858 733 ψήφισμα
908 666 1086 732 δήμου
1136 665 1401 733 ἠνάγκαζε
1448 665 1509 717 τὸ
1555 664 1692 728 πρὸς

7 750 171 822 μέρος
208 751 340 820 ἡμῖν
387 753 605 806 διδόναι
651 762 761 805 τῶν
810 752 1149 821 ὀφειλόντων
1196 752 1424 806 ἕκαστον
1472 752 1690 818 εἰσπρα-

8 840 224 903 ξασθαι.
287 841 480 910 ἕτυχον
514 841 582 909 δὴ
617 839 722 908 ἐγὼ
755 837 855 908 μὲν
887 850 1231 910 τριηραρχῶν
1257 839 1346 893 καὶ
1373 839 1692 907 ἐπιμελητὴς

7 929 86 981 ὢν
123 936 218 996 τῆς
257 930 589 997 συμμορίας,
629 929 962 998 Δημοχάρης
1010 925 1070 981 δὲ
1110 930 1138 983 ὁ
1181 930 1482 990 Παιανιεὺς
1529 927 1587 979 ἐν
1627 933 1689 994 τῇ

6 1018 284 1088 συμμορίᾳ
323 1016 400 1069 ὢν
441 1015 530 1069 καὶ
571 1017 810 1086 ὀφείλων
856 1025 919 1086 τῇ
969 1020 1124 1070 πόλει
1172 1017 1337 1084 σκεύη
1385 1016 1517 1085 μετὰ
1558 1017 1690 1067 Θεο-

5 1092 195 1175 φήμου
231 1107 480 1172 τουτουί,
529 1107 960 1174 συντριήραρχος
1008 1107 1315 1173 γενόμενος.
1392 1100 1692 1172 γεγραμμέ·

0 1197 138 1256 Ινους
177 1189 280 1247 οὖν
318 1193 519 1256 αὐτοὺς
559 1192 900 1262 ἀμφοτέρους
951 1193 1011 1245 ἐν
1057 1201 1120 1262 τῇ
1162 1195 1330 1262 στήλῃ
1371 1188 1693 1261 ὀφείλοντας

6 1282 80 1335 τοὶΥ
121 1283 287 1351 σκεύη
336 1289 401 1352 τῇ
451 1285 637 1350 πόλει,
687 1282 719 1351 ἡ
771 1281 909 1351 ἀρχὴ
960 1285 1355 1350 παραλαβοῦσα
1404 1279 1550 1349 παρὰ
1599 1286 1693 1346 τῆς

5 1369 270 1440 προτέρας
317 1369 510 1440 ἀρχῆς,
565 1370 696 1438 ἡμῖν
745 1369 1025 1439 παρέδωκε
1083 1370 1216 1422 κατά
1264 1388 1321 1422 τε
1368 1369 1465 1420 τὸν
1516 1370 1691 1435 νόμον

7 1457 96 1512 καὶ
127 1459 191 1511 τὰ
222 1462 559 1527 ψηφίσματα.
624 1458 676 1521 ἐξ
710 1457 950 1527 ἀνάγκης
981 1453 1083 1511 οὖν
1114 1454 1183 1525 ἦν
1215 1477 1308 1526 μοι
1339 1458 1691 1524 παραλαβεῖν.

7 1545 120 1600 ἐπεὶ
159 1546 220 1600 ἐν
258 1554 332 1618 τςό
373 1549 621 1615 πρόσθεν
656 1549 837 1619 χρόνῳ
869 1547 1074 1608 πολλὰς
1105 1550 1454 1615 τριηραρχίας
1484 1563 1687 1612 τετριη-
1713 1567 1822 1608 1146

6 1636 288 1705 ραρχηκὼς
347 1635 507 1703 ὑμῖν,
572 1635 921 1688 οὐδεπώποτε
985 1637 1184 1703 ἔλαβον
1247 1635 1410 1701 σκεύη
1474 1631 1531 1684 ἐκ
1593 1640 1692 1684 τοῦ

5 1727 268 1793 νεωρίου,
315 1720 431 1800 ἀλλ’
488 1722 652 1785 αὐτὸς
699 1725 811 1794 ι’διά
859 1723 1289 1792 παρεσκεύαζον,
1344 1722 1501 1774 ὁπότε
1559 1718 1693 1787 δέοι,

5 1813 98 1864 ἵνα
152 1800 231 1874 ὡςι
277 1810 530 1881 ἐλάχιστα
583 1812 870 1880 πράγματα
934 1814 1108 1881 ἔχοιμι
1170 1813 1305 1878 πρὸς
1357 1811 1457 1878 τὴν
1507 1811 1691 1861 πόλιν·

6 1901 124 1953 τότε
167 1896 228 1953 δὲ
266 1901 401 1952 κατά
439 1919 495 1952 τε
534 1900 600 1952 τὰ
635 1904 955 1968 ψηφίσματα
988 1899 1076 1952 καὶ
1109 1901 1206 1952 τὸν
1243 1902 1418 1967 νόμον
1456 1898 1692 1967 ἠναγκα-

10 1986 176 2058 ζόμην
213 1991 566 2058 παραλαβεῖν.
630 1989 702 2051 ὡς
742 1986 800 2041 δὲ
841 1986 988 2042 ταῦτ’
1036 1987 1217 2057 ἀληθῆ
1267 1987 1434 2056 λέγω,
1479 1988 1690 2040 τούτων

6 2077 140 2146 ὑμῖν
178 2077 456 2147 μάρτυρας
502 2076 799 2145 παρέξομαι
840 2080 900 2129 τό
940 2096 995 2129 τε
1042 2078 1296 2145 ψήφισμα
1337 2074 1426 2128 καὶ
1466 2078 1562 2128 τὸν
1600 2078 1692 2128 νό-

7 2184 140 2233 μον,
194 2167 375 2218 ἔπειτα
429 2167 530 2234 τὴν
584 2164 758 2235 ἀρχὴν
813 2165 984 2233 αὐτὴν
1039 2166 1138 2233 τὴν
1191 2166 1550 2234 παραδοῦσαν
1603 2163 1694 2217 καὶ

7 2255 410 2322 εἰσαγαγοῦσαν
461 2256 537 2315 εἰς
588 2256 647 2306 τὸ
700 2254 1084 2321 δικαστήριον,
1143 2249 1256 2305 εἶτα
1314 2255 1442 2315 τοὺς
1492 2252 1550 2305 ἐκ
1598 2259 1693 2320 τῆς

7 2345 330 2411 συμμορίας,
369 2337 433 2410 ἧς
470 2337 540 2410 ἧν
581 2340 901 2409 ἐπιμελητὴς
939 2339 1029 2393 καὶ
1069 2343 1408 2410 τριήραρχος.
1469 2344 1565 2394 καί
1598 2361 1691 2409 μοι

5 2429 308 2498 ἀνάγνωθι.

349 2592 578 2635 ΝΟΜΟΣ.
634 2591 937 2634 ΨΗΦΙΣΜΑ.
993 2592 1332 2633 MAPTTPIAI.

111 2694 202 2758 Ὡς
247 2692 348 2765 μὲν
394 2701 586 2749 τοίνυν
634 2697 809 2763 πολλή
857 2715 949 2764 μοι
996 2695 1203 2765 ἀνάγκη
1244 2693 1313 2764 ἦν
1353 2699 1691 2764 παραλαβεῖν

4 2803 133 2845 τους
171 2784 495 2853 ὀφείλοντας
532 2791 595 2853 τῇ
636 2786 818 2851 πόλει,
864 2793 963 2837 τοῦ
1011 2804 1066 2837 τε
1114 2786 1290 2853 νόμου
1338 2782 1559 2838 ἀκούετε
1601 2782 1689 2837 καὶ

3 2881 114 2925 τῶν
152 2872 537 2941 ψηφισμάτων·
588 2872 659 2934 ὡς
700 2869 761 2925 δὲ
800 2870 890 2924 καὶ
929 2872 1241 2941 παρέλαβον
1280 2873 1425 2940 παρὰ
1464 2880 1557 2940 τῆς
1595 2871 1690 2932 ἀρ-

2 2966 124 3029 χῆς,
170 2960 199 3014 ὁ
238 2961 520 3024 παραδοὺς
558 2959 691 3029 ὑμῖν
739 2961 1165 3029 μεμαρτύρηκεν.
1230 2960 1537 3022 σκέψασθαι
1586 2959 1688 3014 οὗν
