2035 3158
182 150 239 200 17
250 152 281 201 8
719 150 767 191 L.
815 144 1320 205 [ΔΗΜΟΣΘΕΝΟΎΣ]

173 282 582 351 ἀποπλεύσομαι
615 275 717 333 οὖν
748 279 913 332 πάλιν
945 278 1016 341 ὡς
1047 279 1143 332 τὸν
1183 276 1486 346 στρατηγὸν
1524 273 1848 338 εἰς,Θάσον.’

107 385 148 416 ⁵0
173 368 261 423 καὶ
318 369 503 439 ἐπειδὴ
551 367 816 437 ἐνέβησαν
863 365 922 420 οἶ
962 373 1187 434 ναῦται,
1234 361 1374 432 λέγω
1421 368 1496 434 τῷ
1543 364 1849 433 κυβερνήτῃ

106 998 145 1030 51

108 1616 149 1648 52

172 457 439 511 ἀποπλεῖν
485 459 562 520 είς
607 457 707 524 τὴν
756 453 957 508 Θάσον.
1033 450 1413 521 ἀντιλέγοντος
1459 446 1521 504 δὲ
1565 458 1665 504 τοῦ
1707 452 1850 503 Καλέ-

173 548 374 599 λίππου
424 543 514 598 καὶ
561 545 879 604 κελεύοντος
923 545 1081 594 πλεῖν
1118 543 1197 603 εἰς
1233 541 1331 609 τὴν
1371 539 1758 605 Μακεδονίαν,
1795 531 1855 592 οἷ

172 633 500 703 προσέταξεν
539 632 568 687 ὁ
608 631 931 701 στρατηγός,
977 627 1323 698 ἀποκρίνεται
1364 626 1510 697 αὐτῷ
1552 626 1849 679 Ποσείδιπ-

173 739 272 783 πος
318 721 347 776 ὁ
395 721 759 789 κυβερνήτης,
812 717 894 770 ὄτι
944 718 1265 786 τριήραρχός
1311 734 1366 768 τε
1418 713 1522 782 ἐγὼ
1572 722 1667 783 τῆς
1692 714 1853 783 ,νεὼς

172 814 291 877 εἴην
338 806 424 861 καὶ
474 808 817 873 ὑπεύθυνος,
863 802 954 857 καὶ
992 806 1088 857 τὸν
1128 805 1334 872 μισθὸν
1372 799 1496 871 παρ’
1546 800 1680 871 ἐμοῦ
1717 805 1851 871 λαμ-

172 897 357 966 βάνοι·
408 896 700 948 πλεύσοιτο
748 888 850 946 οὖν
898 885 955 945 οἷ
999 891 1104 959 ἐγὼ
1151 891 1387 959 κελεύω,
1437 891 1514 952 εἰς
1554 890 1747 944 Θάσον»
1776 889 1854 952 ὡς

173 986 268 1038 τὸν
308 985 627 1053 στρατηγόν.
697 979 1047 1050 ἀφικομένων
1088 978 1138 1033 δ’
1184 979 1338 1048 ἡμῶν
1375 985 1439 1048 τῇ
1478 977 1737 1049 ὑστεραίᾳ
1774 980 1852 1040 εἰς

175 1073 271 1141 τὴν
313 1072 528 1140 Θάσον,
575 1068 972 1140 μεταπέμπεταί
1013 1087 1077 1137 με
1118 1067 1147 1122 ὁ
1195 1068 1529 1136 Τιμόμαχος,
1579 1061 1646 1119 οὗ
1692 1067 1851 1135 κατή-

175 1180 296 1228 γετο
328 1162 430 1224 ἔξω
463 1162 689 1230 τείχους.
743 1158 1089 1226 φοβούμενος
1122 1152 1171 1208 δ’
1211 1154 1316 1223 ἐγὼ
1357 1155 1429 1223 μὴ
1470 1155 1694 1222 δεθείην
1734 1153 1851 1206 δια-

173 1246 400 1318 βληθεὶς
437 1248 544 1302 ὑπὸ
577 1255 675 1301 τοῦ
708 1248 1053 1312 Καλλίππου,
1092 1242 1256 1306 αὐτὸς
1293 1239 1394 1312 μὲν
1433 1241 1533 1312 οὐχ
1573 1240 1853 1310 ὑπακούω,

174 1335 310 1390 ἀλλὰ
350 1334 489 1404 λέγω
529 1342 602 1408 τῷ
652 1332 890 1403 ὑπηρέτῃ
938 1332 1020 1386 ὅτι
1070 1337 1127 1385 εἴ
1157 1351 1208 1384 τι
1248 1331 1504 1400 βούλοιτό
1543 1348 1635 1399 μοι
1676 1327 1853 1382 διαλέ-

175 1430 398 1493 γεσθαι,
437 1423 497 1477 ἐν
535 1431 599 1494 τῇ
639 1422 813 1493 ἀγορᾷ
853 1425 1069 1490 ἔσομαι,
1107 1421 1204 1474 τὸν
1245 1416 1305 1472 δὲ
1344 1419 1512 1471 παῖδα
1551 1415 1853 1486 συμπέμπω

176 1513 353 1586 αὐτῷ,
403 1509 475 1566 ἵν’
520 1516 577 1564 εἴ
618 1513 674 1564 τί
720 1530 812 1580 μοι
852 1508 1207 1578 προστάττοι,
1255 1505 1493 1568 ἀκούσας
1531 1504 1853 1573 ἀπαγγείλαι

175 1619 281 1671 μοι.
345 1599 437 1653 διὰ
467 1595 568 1668 μὲν
601 1598 798 1660 ταύτας
828 1597 922 1659 τὰς
953 1597 1127 1657 αἰτίας
1167 1591 1209 1647 ὦ
1249 1594 1445 1663 ἄνδρες
1485 1594 1752 1662 δικασταί,
1791 1592 1855 1656 ἃς

176 1694 363 1760 εἴρηκα
408 1688 544 1758 πρὸς
592 1686 759 1755 ὑμᾶς,
809 1685 838 1739 ὁ
886 1686 1192 1753 Τιμόμαχος
1231 1681 1332 1736 οὐκ
1379 1681 1643 1749 ἠνάγκαζε
1681 1698 1851 1750 παρα-

178 1776 476 1847 λαμβάνειν
530 1782 726 1828 τοῦτον
780 1773 880 1841 τὴν
926 1780 1094 1840 ναῦν,
1148 1773 1226 1823 ἔτι
1274 1767 1334 1823 δὲ
1381 1767 1472 1822 καὶ
1517 1770 1855 1838 βουλόμενος

176 1865 339 1928 αὐτὸς
384 1868 623 1934 χρῆσθαι
673 1868 736 1931 τῇ
787 1858 878 1927 νηὶ
929 1859 1001 1921 ὡς
1047 1860 1239 1928 ἄριστα
1284 1857 1539 1926 πλεούσῃ.
1614 1856 1715 1925 τὴν
1753 1852 1853 1924 μὲν

179 1954 280 2023 γὰρ
322 1954 464 2019 [τοῦ]
519 1951 878 2020 Θρασυλόχου
924 1955 1024 2000 τοῦ
1064 1944 1462 2015 Ἀναγυρασίου
1501 1945 1722 2014 τριήρη,
1762 1940 1847 2013 ἐφ’

182 2038 239 2110 ἧς
277 2040 440 2103 αὐτὸς
478 2041 646 2106 ἔπλει,
683 2038 780 2091 τὸν
807 2035 1165 2105 Θρασύλοχον
1205 2039 1278 2105 τῷ
1305 2035 1607 2104 Καλλίππῳ
1645 2036 1855 2101 μισθῶ-

180 2144 268 2183 σαι
321 2129 422 2197 τὴν
476 2127 833 2197 τριηραρχίαν
889 2126 1128 2191 ἔπεισεν,
1181 2118 1252 2175 ἵν’
1307 2120 1655 2190 αὐτοκράτωρ
1708 2119 1785 2172 ὢν
1824 2119 1855 2173 ὁ

183 2218 498 2279 Κάλλιππος
541 2224 634 2284 τῆς
672 2213 809 2275 νεὼς
857 2211 1107 2279 περιάγοι
1145 2211 1242 2263 τὸν
1282 2211 1719 2278 Καλλίστρατον·
1759 2207 1854 2260 αὐ-

179 2307 268 2368 τὸς
307 2301 360 2357 δ’
401 2302 607 2372 ἀναβὰς
640 2298 726 2354 ε’πὶ
766 2301 866 2368 τὴν
907 2298 1041 2368 ἐμὴν
1082 2305 1221 2351 ναῦν
1260 2294 1535 2366 περιέπλει
1572 2304 1858 2366 πανταχοῖ,

180 2393 280 2455 ἕως
318 2391 540 2462 ἄφίκετο
579 2391 657 2453 εἰς
687 2387 1105 2455 Ἑλλήσποντον.

285 2478 503 2548 Ἐπειδὴ
545 2475 594 2532 δ’
641 2475 820 2531 οὐκέτι
860 2478 1010 2545 χρεία
1049 2471 1120 2543 ἦν
1152 2473 1296 2546 αὐτῷ
1336 2473 1596 2542 τριήρων,
1635 2470 1985 2540 gummi-1223

181 2584 279 2631 σας
310 2586 402 2637 μοι
435 2570 681 2620 Λυκῖνον
713 2565 809 2617 τὸν
843 2561 1138 2631 Παλληνέα
1169 2563 1406 2631 ἄρχοντα
1444 2561 1522 2622 εἰς
1560 2561 1659 2628 τὴν
1696 2567 1856 2628 ναῦν,
1918 2588 1927 2589 ff

182 2655 271 2709 καὶ
325 2654 627 2725 προστάξας
681 2651 824 2722 αὐτῷ
874 2649 999 2703 καθ’
1058 2648 1265 2719 ἡμέραν
1319 2647 1584 2718 ἀργύριον
1639 2647 1856 2701 διδόναι

183 2752 295 2806 τοῖς
340 2744 594 2808 ναύταις,
645 2739 910 2792 ἀποπλεῖν
961 2736 1151 2792 οἴκαδέ
1185 2756 1250 2807 με
1297 2735 1593 2790 ἐκέλευσεν.
1671 2733 1857 2803 ἐπειδὴ

184 2832 373 2884 τοίνυν
404 2826 794 2890 καταπλέοντες
834 2828 1018 2879 οἴκαδε
1056 2823 1193 2896 ἦμεν
1233 2823 1294 2879 ἐν
1333 2822 1565 2896 Τενέδῳ,
1603 2821 1693 2875 καὶ
1732 2823 1858 2876 οὔτε

184 2920 211 2973 ὁ
254 2921 522 2986 Λυκῖνος,
573 2910 614 2989 ᾧ
666 2913 995 2985 προσέταξεν
1045 2914 1075 2968 ὁ
1123 2915 1460 2982 Τιμόμαχος,
1509 2910 1698 2964 ἐδίδου
1744 2919 1860 2973 τοῖς

2023 436 2035 462 ⁵.

2020 468 2035 505 i
