2035 3158
659 136 824 178 ΠΡΟΣ
856 135 1186 178 ΤΙΜΟΘΕΟΝ.
1663 135 1762 187 149

85 275 280 333 λιππος
315 272 375 324 τὸ
408 268 677 339 ἀργύριον
707 269 852 338 παρὰ
884 277 983 322 τοῦ
1015 270 1218 338 πατρὸς
1249 278 1347 322 τοῦ
1381 269 1516 338 ἐμοῦ
1550 269 1766 322 ἐνθάδε.

41 373 60 404 9
84 365 185 411 τοῦ
223 354 323 426 μὲν
363 357 466 426 γὰρ
506 359 809 426 μαρτυρίαν
849 376 912 426 με
947 355 1280 426 ἐμβαλέσθαι
1320 359 1454 426 πρὸς
1492 359 1589 410 τὸν
1630 358 1899 412 &tac-1190

85 446 251 514 τητὴν
289 446 719 515 παρεκρούσατο,
759 445 985 515 φάσκων
1027 444 1116 498 ἀεί
1150 465 1242 515 μοι
1283 448 1653 515 μαρτυρήσειν
1692 447 1768 508 εἰς

20 595 21 598 ¹
85 535 184 602 τὴν
223 536 421 604 κυρίαν
464 533 814 603 [ἀπόφασιν]”ι
839 533 1039 602 ἐπειδὴ
1083 531 1131 586 δ’
1178 532 1212 601 ἡ
1254 535 1434 586 δίαιτα
1472 530 1561 602 ἧν,
1600 547 1767 603 προσ-

84 619 309 690 κληθεὶς
359 620 463 674 ἀπὸ
515 628 608 688 τῆς
658 622 831 682 οἰκίας
883 619 973 690 (οὐ
1022 622 1123 689 γὰρ
1164 617 1233 690 ἧν
1273 620 1564 691 φανερός),
1619 623 1766 673 ἔλιπε

85 710 184 778 τὴν
215 711 518 778 μαρτυρίαν
549 706 796 770 πεισθεὶς
831 709 937 762 ὑπὸ
980 711 1193 762 τούτου.
1271 707 1521 771 τιθέντος
1561 707 1626 762 δέ
1661 728 1767 778 μου

85 798 231 869 αὐτῷ
265 798 365 865 τὴν
398 797 645 866 δραχμὴν
678 805 776 849 τοῦ
810 800 1242 866 λιπομαρτυρίου
1274 797 1408 850 κατὰ
1439 798 1536 850 τὸν
1574 800 1769 866 νόμον,

85 885 113 938 ὁ
155 885 430 953 διαιτητὴς
469 884 536 937 οὐ
575 882 892 955 κατεδιῄτα,
933 882 1049 937 ἀλλ’
1098 884 1272 937 ἀπιὼν
1314 883 1481 957 ᾤχετο
1523 884 1768 939 ἀποδιαι-

19 990 68 1022 20
84 976 251 1043 τήσας
289 974 489 1025 τούτου
535 973 636 1041 τὴν
690 973 933 1042 δίαιταν,
987 972 1214 1043 ἑσπέρας
1252 975 1357 1042 ἤδη
1399 975 1579 1041 οὔσης.
1641 973 1769 1040 νυνὶ

85 1063 145 1115 δὲ
182 1068 257 1134 τῷ
293 1059 605 1130 Ἀντιφάνει
646 1064 833 1130 εἴληχα
882 1061 1088 1130 βλάβης
1129 1062 1276 1114 ἰδίαν
1319 1062 1504 1130 δίκην,
1553 1062 1637 1115 ὅτι
1677 1082 1770 1131 μοι

84 1145 200 1203 οὔτ’
262 1148 635 1219 ἐμαρτύρησεν
691 1147 813 1203 οὔτ’
877 1149 1184 1219 ἐξωμόσατο
1241 1151 1373 1202 κατὰ
1428 1151 1524 1203 τὸν
1579 1154 1769 1219 νόμον.

82 1237 173 1291 καὶ
223 1236 354 1302 ἀξιῶ
402 1237 571 1292 αὐτὸν
616 1237 895 1305 ἀναβάντα
944 1240 1118 1291 εἰπεῖν
1169 1237 1421 1291 ἐναντίον
1460 1239 1617 1308 ὑμῶν
1657 1240 1771 1292 διο-

83 1326 414 1395 μοσάμενον,
452 1335 670 1395 πρῶτον
709 1322 808 1394 μὲν
848 1327 899 1378 εἰ
937 1325 1216 1379 ἐδάνεισεν
1265 1325 1518 1399 Τιμοθέῳ
1559 1326 1618 1380 ἐν
1658 1330 1770 1380 Κα-

84 1418 310 1486 λαυρείᾳ
370 1417 546 1484 χιλίας
600 1415 873 1484 δραχμάς,
929 1415 1188 1484 δεύτερον
1245 1412 1293 1468 δ’
1357 1417 1407 1468 εἰ
1464 1416 1611 1485 παρὰ
1672 1425 1770 1470 τοῦ

81 1504 284 1572 πατρὸς
318 1504 591 1564 Φίλιππος
629 1501 900 1570 ἀπέλαβεν
942 1502 1143 1556 ἐνθάδε
1184 1512 1345 1557 τοῦτο
1386 1505 1447 1557 τὸ
1487 1502 1770 1575 ἀργύριον.

16 1607 57 1638 21
84 1591 282 1662 σχεδὸν
333 1587 433 1659 μὲν
484 1586 587 1644 οὖν
636 1589 727 1643 καὶ
779 1591 940 1653 αὐτὸς
992 1587 1152 1653 οὗτος
1199 1592 1467 1661 ὡμολόγει
1514 1594 1650 1662 πρὸς
1693 1599 1768 1665 τῷ

84 1679 351 1749 διαιτητῇ,
391 1677 695 1732 ἀποδοῦναι
729 1686 804 1750 τῷ
842 1682 1098 1751 Φιλίππῳ
1133 1681 1229 1733 τὸν
1260 1679 1465 1749 πατέρα
1504 1682 1599 1734 τὸν
1640 1680 1771 1750 ε’μὸν

83 1767 177 1830 τὰς
207 1770 384 1837 χιλίας
417 1758 677 1837 δραχμάς,
718 1767 784 1819 οὐ
817 1765 1004 1835 μέντοι
1037 1768 1182 1839 αὐτῷ
1224 1766 1289 1836 γέ
1325 1784 1460 1836 φησι
1502 1770 1770 1838 δανεῖσαι,

2 1908 5 1910 ,
82 1855 220 1908 ἀλλὰ
258 1862 332 1927 τῷ
372 1857 622 1927 Βοιωτίῳ
661 1855 947 1927 ναυάρχῳ,
999 1854 1088 1907 καὶ
1128 1856 1431 1908 ὑποθεῖναί
1464 1872 1634 1925 φησιν
1675 1857 1770 1910 αὐ-

74 1947 178 1998 τὸν
232 1944 431 1998 τούτου
481 1952 580 1996 τοῦ
635 1942 904 2013 ἀργυρίου
945 1946 1163 2014 χαλκόν.
1226 1944 1299 2007 ὡς
1350 1942 1398 1998 δ’
1447 1945 1547 1998 οὐκ
1586 1945 1768 2015 ἀληθῆ

84 2035 287 2101 ἔλεγεν,
326 2028 444 2084 ἀλλ’
492 2031 654 2094 αὐτὸς
695 2032 1087 2101 δανεισάμενος
1128 2032 1445 2102 ἀποστερεῖ,
1486 2032 1590 2101 ἐγὼ
1629 2034 1770 2103 ὑμᾶς

82 2120 306 2189 διδάξω,
347 2118 568 2172 ἐπειδὰν
607 2117 698 2172 καὶ
736 2117 860 2189 περὶ
899 2129 1009 2173 τῶν
1042 2122 1227 2174 ἄλλων
1267 2116 1344 2175 ὧν
1385 2121 1592 2187 ὀφείλει
1631 2120 1763 2175 καθ’

83 2207 310 2260 ἕκαστον
349 2206 482 2276 ὑμῖν
523 2208 878 2278 διηγήσωμαι.
1562 2275 1564 2278 Ι

12 2311 58 2343 v⁶22
188 2292 547 2364 Ἀφικομένου
596 2297 699 2366 γὰρ
744 2294 1000 2351 Ἀλκέτου
1047 2295 1138 2350 καὶ
1170 2294 1413 2361 Ἰάσονος
1461 2298 1533 2361 ὡς
1570 2308 1769 2354 τοῦτον

47 2383 144 2436 ’ἐν
190 2390 264 2455 τῷ
313 2393 747 2453 μαιμακτηριῶνι
794 2383 925 2453 μηνὶ
971 2392 1045 2458 τῷ
1100 2383 1179 2438 ἐπ’
1220 2384 1465 2440 Ἀστειόυ
1505 2389 1768 2458 ἄρχοντος

33 2468 47 2472 ”
85 2469 171 2524 ἐπὶ
215 2473 313 2524 τὸν
359 2469 546 2539 ἀγῶνα
596 2473 693 2525 τὸν
732 2473 959 2541 τούτου,
1006 2477 1406 2542 βοηθησόντων
1446 2476 1626 2547 αὐτῷ,
1677 2479 1767 2529 καὶ

84 2558 470 2628 καταγομένων
525 2561 602 2622 εἰς
652 2561 754 2629 τὴν
806 2563 985 2614 οἰκίαν
1034 2563 1130 2630 τὴν
1178 2562 1237 2615 ἐν
1278 2566 1534 2633 Πειραιεῖ
1568 2567 1667 2633 τὴν
1708 2566 1767 2617 ἐν

4 2704 10 2708 ,
85 2655 148 2717 τῇ
179 2645 531 2719 Ἱπποδαμείᾳ
571 2646 798 2718 ἑσπέρας
829 2651 933 2718 ἤδη
976 2650 1169 2718 οὔσης,
1209 2649 1586 2720 ἀπορούμενος
1632 2652 1765 2706 ὑπο-

85 2734 349 2809 δέξασθαι
383 2735 600 2804 αὐτούς,
637 2734 851 2806 πέμψας
890 2738 960 2800 ὡς
993 2740 1088 2792 τὸν
1121 2738 1324 2809 πατέρα
1363 2742 1459 2793 τὸν
1499 2739 1633 2809 ἐμὸν
1665 2743 1764 2793 Λί-

21 2853 29 2855 -
85 2826 324 2893 σχρίωνα
362 2825 459 2877 τὸν
500 2822 814 2879 ἀκόλουθον
857 2828 953 2880 τὸν
993 2826 1183 2896 αὑτοῦ,
1225 2826 1506 2880 ἐκέλευσεν
1547 2830 1891 2897 almvm-1191

83 2916 215 2964 σθαι
264 2912 550 2979 στρώματα
603 2910 692 2964 καὶ
742 2913 923 2980 ἱμάτια
970 2912 1056 2966 καὶ
1107 2916 1305 2983 φιάλας
1352 2915 1594 2985 ἀργυρᾶς
1642 2918 1764 2986 δύο,
