2035 3158
513 116 654 158 ΠΕΡΙ
684 114 808 157 ΤΟΤ
840 115 1011 157 ΣΤΕΦ.
1043 115 1165 156 ΤΗΣ
1196 114 1605 158 ΤΡΙΗΡΑΡΧΙΑΣ.
1790 111 1894 164 183

221 253 518 318 συνθηκῶν
557 247 740 302 οὐσῶν
771 247 956 310 αὐτοῖς
986 248 1116 310 τοὺς
1145 245 1200 311 ἓξ
1230 255 1405 316 μῆνας
1437 245 1692 316 ἑκάτερον
1721 249 1898 313 πλεῖν,

221 336 407 406 ἐπειδὴ
447 335 749 406 Εὐριπίδης
797 333 1080 399 ἐξέπλευσε
1128 333 1217 387 καὶ
1266 335 1294 388 ὁ
1334 337 1530 404 χρόνος
1570 333 1784 403 ἐξῆκεν,
1831 333 1898 388 οὐ

221 421 495 489 διεδέξατο
525 424 625 493 τὴν
657 430 796 476 ναῦν
827 422 994 494 αὐτῷ,
1034 421 1407 491 ἀναγνώσεται
1446 423 1545 491 τὴν
1577 425 1899 491 μαρτυρία-ν.

810 541 815 547 .
905 510 1221 554 MAPTTPIA.

1012 742 1101 797 LI.

476 862 686 926 ΠΕΡΙ
728 860 904 922 TOT
946 859 1415 922 ΣΤΕΦΑΝΟΤ
1457 861 1633 922 ΤΗΣ

764 959 1352 1020 ΤΡΙΗΡΑΡΧΙΑΣ.

889 1116 1220 1160 ΤΠΟΘΕΣΙΣ.

331 1229 538 1277 Πολλῶν
584 1225 672 1279 ,καὶ
724 1225 944 1290 μεγάλων
996 1225 1293 1291 πραγμάτων
1352 1226 1732 1293 κατεπειγόντων
1784 1228 1898 1289 τοὺς

214 1302 516 1372 Ἀθηναίους
554 1306 761 1374 τριήρεις
799 1309 1050 1371 πληρῶσαι
1095 1304 1178 1355 καὶ
1225 1315 1308 1371 τῆς
1354 1307 1473 1357 κατὰ
1513 1308 1758 1358 θάλατταν
1797 1307 1897 1359 ε’πι-

219 1391 496 1454 μεληθῆναι
542 1388 819 1452 δυνάμεως,
865 1387 1099 1452 γράφεται
1143 1388 1410 1452 ψήφισμα,
1457 1396 1553 1438 τῶν
1600 1391 1899 1456 τριηράρχων

219 1469 304 1520 τὸν
349 1465 438 1532 μὲν
482 1474 676 1533 πρῶτον
723 1474 819 1516 τῶν
865 1465 1024 1516 ἄλλων
1069 1466 1160 1531 τὴν
1199 1476 1325 1518 ναῦν
1371 1469 1679 1535 παρασχόντα
1716 1474 1898 1535 πεπλη-

219 1547 444 1616 ρωμένην
484 1547 611 1611 [τὸν]
655 1546 897 1611 στέφανον
944 1549 1133 1612 λαβεῖν,
1180 1549 1264 1598 τὸν
1310 1547 1362 1598 δὲ
1409 1557 1474 1614 μὴ
1522 1561 1615 1616 πρὸ
1661 1560 1746 1616 τῆς
1785 1551 1899 1615 ἕνης

217 1630 300 1681 καὶ
336 1629 473 1694 νέας,
512 1629 618 1693 ἥτις
657 1628 787 1678 ἐστὶν
826 1626 857 1693 ἡ
896 1630 1141 1678 τελευταία
1177 1637 1264 1679 τοῦ
1304 1631 1482 1694 μηνός,
1521 1633 1899 1696 περιορμίσαντα
1916 1649 2034 1688 1228

217 1711 309 1776 τὴν
352 1718 479 1760 ναῦν
524 1708 604 1760 ἐπὶ
648 1709 700 1759 τὸ
746 1717 882 1775 χῶμα
928 1710 1152 1774 δεθῆναι.
1228 1710 1278 1760 τὸ
1326 1719 1462 1776 χῶμα
1508 1706 1553 1761 δ’
1598 1706 1660 1777 ἦν
1706 1712 1898 1761 οἰκοδό-

220 1785 344 1857 μημ’
385 1789 439 1840 ἕν
475 1795 541 1859 τῷ
580 1788 735 1854 λιμένι
772 1786 1189 1856 προβεβλημένον,
1228 1793 1592 1858 προσορμίσεως
1639 1790 1778 1842 ἕνεκα
1816 1792 1900 1843 καὶ

218 1871 398 1938 ἀγορᾶς
435 1878 532 1920 τῶν
577 1878 786 1921 ναυτῶν.
859 1865 1220 1938 Ἀπολλόδωρος
1267 1865 1357 1922 οὖν
1397 1871 1423 1923 ὁ
1463 1873 1723 1933 Πασίωνος
1767 1889 1899 1938 προ»

216 1971 299 2013 τος
328 1951 418 2016 τὴν
448 1948 575 2001 ναῦν
605 1952 920 2016 περιορμίσας
959 1951 1097 2017 ἔλαβε
1135 1952 1219 2002 τὸν
1252 1952 1511 2016 στέφανον.
1579 1955 1900 2019 προτεθείσης

218 2029 270 2082 δὲ
289 2027 436 2082 πάλιν
459 2033 762 2098 δοκιμασίας,
789 2032 918 2093 ὅστις
934 2033 1159 2083 κάλλιστα
1181 2036 1571 2101 παρεσκευάσατο
1599 2034 1685 2099 τὴν
1710 2035 1899 2100 τριήρη,

216 2121 523 2178 στεφανῶσαι
544 2112 626 2164 καὶ
650 2122 839 2179 τοῦτον,
871 2112 1187 2164 ἀντιποιεῖται
1219 2115 1301 2165 καὶ
1332 2110 1443 2166 τόθ’
1474 2114 1500 2166 ὁ
1522 2111 1897 2185 Ἀπολλόδωρος.

327 2272 400 2322 Ec
442 2267 544 2339 μὲν
590 2269 697 2342 ὅτῳ
742 2273 987 2324 πλεῖστοι
1034 2276 1347 2326 συνείποιεν
1386 2268 1429 2325 ὦ
1468 2274 1642 2343 βουλὴ
1688 2276 1749 2329 τὸ
1795 2277 1898 2344 ψή-

217 2355 375 2428 φισμ’
420 2356 631 2411 ἐκέλευε
680 2359 876 2412 δοῦναι
920 2360 1019 2413 τὸν
1066 2359 1367 2430 στέφανον,
1412 2359 1515 2414 κᾶν
1561 2361 1790 2432 ἀνόητος
1827 2359 1897 2433 ἦν

217 2435 272 2499 εί
306 2450 495 2516 λαβεῖν
535 2446 701 2500 αὐτὸν
741 2446 952 2516 ἠξίουν,
990 2450 1382 2518 Κηφισοδότου
1421 2452 1597 2518 μόνου
1636 2470 1729 2518 μοι
1769 2465 1898 2504 συν-

216 2536 521 2603 ειρηκότος,
559 2535 774 2596 τούτοις
820 2530 881 2586 δὲ
926 2538 1278 2604 παμπόλλων.
1346 2544 1452 2590 νῦν
1491 2533 1552 2590 δὲ
1591 2545 1665 2609 τῷ
1702 2539 1897 2613 πρώτῳ

215 2622 687 2692 παρασκευάσαντι
726 2622 827 2691 τὴν
874 2625 1064 2692 τριήρη
1113 2625 1211 2677 τὸν
1257 2628 1455 2693 ταμίαν
1501 2623 1830 2694 προσέταξεν
1867 2627 1896 2681 ὁ

218 2709 390 2777 δῆμος
426 2713 643 2776 δοῦναι,
682 2712 948 2779 πεποίηκα
999 2707 1059 2763 δὲ
1105 2708 1250 2764 τοῦτ’
1297 2710 1425 2780 ἐγώ·
1473 2713 1561 2766 διό
1599 2733 1739 2783 φημι
1779 2715 1897 2768 δεῖν

172 2810 194 2842 2
218 2815 380 2873 αυτος
433 2802 862 2866 στεφανοῦσθαι.
945 2799 1208 2867 θαυμάζω
1264 2796 1325 2852 δὲ
1380 2799 1468 2854 καὶ
1522 2802 1760 2870 τούτων,
1811 2802 1896 2856 ὅτι

215 2889 313 2953 τῆς
348 2886 607 2955 τριήρους
644 2883 1011 2956 ἀμελήσαντες
1042 2888 1170 2949 τοὺς
1201 2886 1434 2958 ῥήτορας
1464 2903 1898 2959 παρεσκευασοιν,
