2035 3158
176 74 282 126 136
362 47 378 60 '
640 75 841 118 vam.
881 71 1382 131 [AHMOEOENOTXJ

171 207 399 275 ἀγῶνος,
439 206 542 275 ἐγὼ
576 208 708 259 κατὰ
739 207 832 268 τὰς
866 207 1145 273 συνθήκας
1175 204 1264 258 καὶ
1296 208 1423 267 τοὺς
1454 205 1651 273 ὅρκους
1681 206 1845 259 πάλιν

172 297 230 348 τὸ
270 293 432 363 μέρος
482 295 702 362 λάβοιμι
752 293 898 362 παρὰ
948 294 1177 361 τούτου,
1228 293 1323 345 ἐὰν
1375 290 1422 345 δ’
1458 290 1559 362 ,ἄρ’
1603 292 1845 363 ἀποτύχῃ

172 381 259 434 καὶ
291 384 354 435 τὰ
386 381 540 451 ἔτερα
573 384 919 450 ψηφίσωνται
953 384 1011 433 οῖ
1039 383 1305 448 δικασταί,
1344 376 1503 442 οὗτος
1539 378 1664 450 παρ’
1713 379 1863 449 ἐμοῦ,

172 470 234 521 τὰ
273 468 408 538 μέρη
447 473 623 531 καλῶς
661 466 749 520 καὶ
791 469 1011 529 δικαίως
1051 466 1447 536 ἀπολαμβάνοι,
1487 468 1665 536 ὥσπερ
1707 467 1848 536 ὠμό-

173 573 344 625 σαμεν
375 556 629 625 ἀλλήλοις
660 555 749 608 καὶ
783 554 1147 624 συνεθέμεθα.
1203 555 1387 623 ἐπειδὴ
1421 551 1481 607 δὲ
1512 552 1660 608 ταῦτ’
1692 555 1849 624 ἐβου-

173 644 485 712 λευσάμεθα
524 641 613 696 καὶ
654 642 831 696 ἐδόκει
871 639 1228 711 ἀσφαλέστατ’
1284 638 1424 695 εἶναι
1472 640 1560 695 καὶ
1594 639 1722 711 ἐμοὶ
1758 639 1849 694 καὶ

167 730 612 803 Ὀλυμπιοδώρῳ,
651 733 1109 800 προσεκλήθησαν
1157 731 1387 792 ἅπαντες
1434 731 1493 784 οἱ
1534 733 1748 799 ἔχοντες
1784 729 1849 781 τὰ

173 827 272 872 τοῦ
311 821 577 887 Κόμωνος
614 819 746 872 κατὰ
786 819 882 871 τὸν
922 821 1109 886 νόμον.
1174 821 1268 870 καί
1303 838 1394 886 μοι
1428 817 1714 885 ἀνάγνωθι
1751 817 1849 870 τὸν

177 909 365 976 νόμον,
405 904 530 959 καθ’
579 906 643 959 ὃν
681 906 714 974 ἡ
754 908 1085 975 πρόσκλησις
1126 903 1354 973 ἐγένετο.

902 1066 1116 1108 ΝΟΜΟΣ

109 1186 147 1217 ⁸1
287 1171 439 1223 Κατὰ
501 1171 597 1224 τὸν
658 1172 831 1238 νόμον
893 1178 1090 1222 τοῦτον
1153 1174 1194 1221 ὠ
1257 1170 1454 1238 ἄνδρες
1516 1166 1764 1221 δικασταὶ
1815 1167 1850 1236 ἡ

172 1260 504 1326 πρόσκλησις
551 1256 792 1325 ἐγένετο,
847 1255 936 1309 καὶ
983 1257 1077 1319 τὰς
1124 1255 1551 1325 ἀμφισβητήσεις
1595 1255 1853 1326 ἀντεγρα-

176 1345 415 1413 ψάμεθα,
455 1344 519 1397 ὃν
557 1347 761 1413 τρόπον
807 1343 1003 1416 τουτῳὶ
1053 1344 1227 1397 ἐδόκει
1262 1341 1702 1416 Ὀλυμπιοδώρῳ.
1763 1341 1854 1396 καὶ

174 1433 303 1500 μετὰ
341 1429 503 1485 ταῦθ’
552 1433 579 1486 ὁ
620 1434 803 1502 ἄρχων
843 1431 1092 1498 ἀνέκρινε
1141 1440 1306 1484 πᾶσιν
1354 1432 1484 1499 ἡμῖν
1532 1440 1644 1493 τοῖς
1690 1430 1853 1500 ἀμφι·

175 1523 456 1588 σβητοῦσι,
495 1519 583 1572 καὶ
623 1520 918 1588 ἀνακρίνας
950 1522 1237 1588 εἰσήγαγεν
1270 1521 1346 1582 εἰς
1384 1522 1445 1572 τὸ
1487 1521 1855 1588 δικαστήριον.

176 1607 264 1660 καὶ
304 1606 491 1661 οὑτοσὶ
526 1606 966 1676 Ὀλυμπιόδωρος
1003 1607 1293 1675 ἠγωνίζετο
1332 1616 1569 1676 πρῶτος,
1615 1604 1705 1659 καὶ
1743 1608 1855 1658 ἕλε-

177 1715 270 1763 γεν
311 1696 340 1748 ὅ
379 1716 428 1748 τι
470 1695 745 1764 ἐβούλετο,
786 1693 875 1747 καὶ
916 1698 1215 1763 μαρτυρίας
1253 1697 1538 1764 παρείχετο
1578 1693 1641 1756 ἃς
1679 1693 1856 1747 ἐδόκει
1873 1709 1986 1749 1176

175 1785 372 1856 τούτῳ·
413 1783 560 1851 κάγὼ
602 1779 642 1835 ὦ
685 1784 883 1852 ἄνδρες
930 1781 1178 1836 δικασταὶ
1227 1790 1403 1852 σιωπῇ
1445 1781 1730 1850 ἐκαθήμην
1770 1779 1856 1834 ε’πὶ

178 1879 274 1925 τοῦ
329 1868 515 1938 ἑτέρου
570 1873 824 1939 βήματος.
903 1879 1098 1924 τοῦτον
1162 1868 1220 1923 δὲ
1283 1871 1379 1924 τὸν
1441 1871 1644 1939 τρόπον
1699 1887 1857 1921 κατα-

111 1976 153 2005 ³2
179 1956 578 2020 σκευασθέντος
615 1966 714 2011 τοῦ
754 1956 966 2026 ἀγῶνος
1000 1957 1212 2025 ἐνίκησε
1256 1957 1471 2028 ῥᾳδίως.
1534 1958 1760 2024 νικήσας
1797 1952 1857 2008 δὲ

177 2044 266 2098 καὶ
316 2043 768 2113 διαπραξαμένων
816 2042 1019 2097 ἅπανθ’
1082 2045 1182 2097 ὅσα
1237 2045 1628 2113 ἠβουλήθημεν
1676 2041 1735 2096 ἑν
1781 2050 1854 2114 τῷ

179 2136 530 2204 δικαστηρίῳ,
570 2130 659 2183 καὶ
700 2131 993 2200 ἀπολαβὼν
1039 2132 1186 2200 παρὰ
1233 2141 1342 2184 τῶν
1381 2133 1649 2200 πρότερον
1689 2130 1858 2183 ἐπιδι-

178 2219 502 2289 κασαμένων
562 2220 662 2272 ὅσα
722 2217 862 2288 ἦσαν
923 2220 1121 2272 ἐκεῖνοι
1173 2216 1299 2287 παρ’
1358 2218 1512 2287 ἡμῶν
1562 2220 1861 2287 εἰληφότες,

180 2317 345 2362 ταῦτα
393 2308 461 2376 δὴ
510 2304 665 2360 πάντ’
714 2310 853 2376 ἔχων
899 2306 989 2360 καὶ
1035 2309 1095 2361 τὸ
1143 2306 1409 2376 ἀργύριον
1449 2306 1476 2359 ὃ
1518 2308 1677 2375 ἔλαβε
1714 2307 1860 2375 παρὰ

181 2404 279 2449 τοῦ
328 2394 628 2464 ἀνθρώπου
675 2403 773 2447 τοῦ
828 2393 1287 2463 βασανισθέντος,
1334 2391 1451 2447 οὐδ’
1499 2394 1686 2447 ὁτιοῦν
1730 2391 1860 2462 ἠθέ-

183 2489 310 2551 ληκε
350 2492 459 2535 τῶν
502 2483 730 2535 δικαίων
781 2484 916 2549 πρός
965 2502 1030 2550 με
1080 2490 1332 2551 ποιῆσαι,
1382 2478 1499 2533 ἀλλ’
1546 2483 1654 2550 ἔχει
1700 2481 1862 2544 αὐτὸς

182 2572 413 2638 ἅπαντα,
454 2569 749 2637 ὀμωμοκὼς
780 2567 869 2621 καὶ
903 2571 1184 2637 συνθήκας
1222 2572 1356 2638 πρός
1396 2588 1459 2638 με
1498 2569 1862 2637 ποιησάμενος

183 2654 212 2725 ἦ
257 2658 369 2725 μὴν
410 2658 797 2724 ἰσομοιρήσειν.
872 2655 960 2709 καὶ
1013 2659 1073 2709 αἱ
1119 2662 1393 2725 συνθῆκαι
1443 2652 1600 2709 αὗται
1645 2658 1722 2709 ἔτι
1772 2655 1860 2709 καὶ

189 2742 312 2796 νυνὶ
351 2753 553 2796 κεῖνται
595 2743 737 2811 παρὰ
768 2751 842 2814 τῷ
877 2742 1287 2813 Ἀνδροκλείδῃ,
1325 2741 1416 2796 καὶ
1453 2745 1864 2812 μεμαρτύρηκεν

117 2848 160 2879 33
190 2832 351 2894 αὐτὸς
401 2833 536 2897 πρὸς
580 2832 734 2900 ὑμᾶς.
804 2833 1071 2900 βούλομαι
1121 2827 1180 2884 δὲ
1227 2829 1316 2883 καὶ
1363 2830 1487 2898 περὶ
1533 2840 1641 2883 τῶν
1680 2832 1864 2884 ἄλλων
