2035 3158
1856 0 1931 13 *-;z

198 126 303 177 142
647 124 839 166 XLvm
898 122 1405 182 [ΔΗΜΟΣΘΕΝΟΥΣ]
1877 113 1890 139 ³
1972 98 1992 151 ζ

127 275 170 305 ⁵2
299 255 462 313 Ἀλλά
500 259 558 311 τί
591 264 759 327 ταῦτα
798 255 1110 319 σπουδάζω;
1159 251 1291 308 οὐδὲ
1336 256 1440 326 γὰρ
1486 254 1648 318 αὐτὸς
1684 254 1879 323 ἀγνοεῖ
1891 257 1941 297 ¹1

196 354 364 399 ταῦτα
403 341 585 413 οὗτος,
623 345 705 399 ὅτι
737 343 919 397 ἀδικεῖ
944 339 1044 412 μὲν
1077 341 1189 412 ἐμέ,
1227 342 1408 396 ἀδικεῖ
1442 339 1502 397 δὲ
1541 345 1671 406 τοὺς
1704 344 1876 404 θεοὺς

196 433 294 496 οὓς
332 434 538 502 ὤμοσε,
573 431 664 485 καὶ
704 430 961 500 ἐπιορκεῖ.
1030 429 1168 483 ἀλλὰ
1220 429 1544 501 διέφθαρται
1589 425 1632 483 ὦ
1678 431 1874 498 ἄνδρες

197 518 445 574 δικασταὶ
490 518 582 573 καὶ
626 528 986 588 παραφρονεῖ.
1070 516 1306 586 ἀνιῶμαι
1361 514 1462 586 μὲν
1508 513 1611 572 οὖν
1655 515 1748 570 καὶ
1792 519 1875 570 αἰ·-

197 610 465 679 σχύνομαι
513 602 800 675 ὦάνδρες
839 607 1116 674 δικασταί,
1163 600 1245 668 οἷς
1291 605 1469 674 μέλλω
1516 602 1696 673 λέγειν
1740 606 1876 674 πρὸς

200 697 355 764 ὑμᾶς,
393 694 448 760 ἐξ
488 694 726 762 ἀνάγκης
766 692 832 746 δέ
867 695 967 763 μοι’
1001 693 1150 746 ἐστιν
1190 695 1391 762 εἰπεῖν,
1431 693 1576 756 ὅπως
1613 692 1683 746 ἂν
1719 692 1877 761 ὑμεῖς

196 784 255 836 οί
286 784 387 852 τὴν
425 791 612 853 ψῆφον
653 784 868 852 ἔχοντες
914 781 1246 844 ἀκούσαντες
1292 782 1530 849 ἅπαντα,
1575 781 1873 850 βουλεύση-

200 876 302 924 σθε
355 870 384 923 ὅ
435 890 487 923 τι
538 869 606 922 ἂν
662 870 794 938 ὑμῖν
845 870 980 939 δοκῇ
1032 868 1315 938 βέλτιστον
1364 865 1506 922 εἶναι
1543 866 1666 938 περὶ
1703 868 1874 937 ἡμῶν.

129 975 170 1006 53
197 953 274 1011 ὧν
314 954 375 1011 δὲ
413 956 591 1027 μέλλω
632 956 834 1026 λέγειν,
885 953 1045 1020 οὗτος
1090 960 1260 1019 αἴτιός
1306 956 1480 1025 ἐστιν,
1525 957 1626 1011 οὐκ
1664 955 1874 1010 ἐθέλων

199 1045 258 1100 έν
306 1054 421 1108 τοῖς
470 1047 694 1108 οἰκείοις
742 1043 866 1115 περὶ
924 1046 1134 1098 τούτων
1190 1048 1324 1114 πρός
1373 1064 1438 1113 με
1489 1045 1876 1113 διαλύσασθαι,

196 1132 316 1186 ἀλλ’
362 1133 758 1203 ἀναισχυντῶν.
825 1130 1267 1202 Ὀλυμπιόδωρος
1313 1134 1417 1202 γὰρ
1465 1131 1654 1186 οὑτοσὶ
1698 1129 1741 1187 ὦ
1781 1133 1875 1186 ἄν·

197 1223 322 1288 δρες
367 1220 616 1275 δικασταὶ
663 1230 895 1290 γυναῖκα
950 1217 1050 1290 μὲν
1096 1220 1266 1289 ἀστὴν
1319 1221 1454 1273 κατὰ
1500 1223 1627 1283 τοὺς
1670 1223 1877 1290 νόμους

196 1311 323 1372 τοὺς
366 1308 662 1378 ὑμετέρους
708 1305 1047 1362 οὐδεπώποτ’
1105 1311 1329 1377 ἔγημεν,
1375 1305 1493 1362 οὐδ’
1541 1306 1681 1361 εἰσὶν
1725 1308 1874 1380 αὐτῷ

195 1398 384 1460 παῖδες
445 1394 564 1450 οὐδ’
627 1395 910 1465 ἐγένοντο,
965 1395 1184 1465 ἑταίραν
1240 1393 1300 1449 δὲ
1354 1396 1659 1464 λυσάμενος
1710 1397 1874 1450 ἔνδον

197 1488 324 1555 ἔχει,
362 1484 452 1538 καὶ
491 1485 625 1554 αὕτη
667 1483 816 1538 ἐστὶν
855 1485 887 1552 ἡ
928 1482 1300 1553 λυμαινομένη
1341 1484 1576 1546 ἅπαντας
1609 1482 1749 1552 ἡμᾶς
1782 1482 1874 1537 καὶ

128 1590 170 1620 54
196 1582 428 1628 ποιοῦσα
480 1572 700 1627 τουτονὶ
756 1571 1055 1642 περαιτέρω
1110 1575 1422 1642 μαίνεσθαι.
1498 1581 1612 1634 πῶς
1655 1571 1759 1640 γὰρ
1804 1572 1872 1625 οὐ

197 1665 471 1731 μαίνεται,
533 1662 680 1726 ὅστις
743 1667 911 1715 οἴεται
967 1662 1111 1729 δεῖν,
1173 1660 1206 1714 ἃ
1261 1657 1361 1729 μὲν
1415 1660 1730 1729 ὡμολόγησε
1782 1657 1873 1713 καὶ

198 1749 462 1803 συνέθετο
515 1749 653 1803 ἑκὼν
701 1752 835 1819 πρὸς
887 1747 1079 1803 ἑκόντα
1129 1747 1218 1801 καὶ
1269 1750 1477 1818 ὤμοσε,
1523 1748 1734 1801 τούτων
1771 1744 1874 1817 μὲν

197 1836 323 1907 μηδ’
369 1839 557 1892 ὁτιοῦν
594 1848 794 1905 ποιεῖν,
833 1836 922 1890 καὶ
962 1833 1111 1890 ταῦτ’
1159 1836 1293 1905 ἐμοῦ
1332 1836 1735 1900 σπουδάζοντος
1772 1835 1873 1906 οὐχ

196 1923 332 1996 ὑπὲρ
367 1925 604 1995 ἐμαυτοῦ
636 1928 829 1995 μόνον,
868 1924 1006 1977 ἀλλὰ
1045 1923 1134 1977 καὶ
1172 1921 1309 1992 ὑπὲρ
1347 1932 1442 1992 τῆς
1479 1925 1677 1977 τούτου
1714 1922 1871 1976 ἀδελ-

195 2022 302 2083 φῆς
338 2022 430 2082 τῆς
470 2014 800 2083 ὁμοπατρίας
846 2011 934 2065 καὶ
985 2012 1340 2083 ὁμομητρίας,
1377 2011 1410 2081 ἢ
1451 2010 1570 2081 ἐμοὶ
1610 2022 1873 2082 συνοικεῖ,

195 2101 286 2155 καὶ
334 2099 470 2171 ὑπὲρ
520 2111 615 2171 τῆς
663 2102 862 2155 τούτου
914 2099 1240 2170 ἀδελφιδῆς,
1289 2101 1566 2168 θυγατρὸς
1612 2097 1672 2153 δὲ
1718 2100 1871 2170 έμῆς;

196 2187 353 2244 αὗται
393 2190 496 2259 γάρ
535 2192 675 2243 εἰσιν
716 2189 777 2242 αἱ
804 2188 1159 2257 ἀδικούμεναι
1199 2189 1300 2259 οὐχ
1339 2184 1503 2257 ἧττον
1543 2187 1697 2257 ἐμοῦ,
1734 2188 1871 2242 ἀλλὰ

128 2295 170 2326 57·
195 2276 285 2332 καὶ
323 2282 546 2347 μᾶλλον.
608 2287 721 2340 πῶς
752 2277 855 2345 γὰρ
889 2276 990 2330 οὐκ
1033 2275 1350 2330 ἀδικοῦνται
1390 2275 1424 2345 ἦ
1461 2286 1574 2339 πῶς
1612 2276 1679 2331 οὐ
1717 2277 1871 2331 δεινὰ

194 2367 524 2437 πάσχουσιν,
587 2365 806 2419 ἐπειδὰν
862 2365 1029 2433 ὁρῶσι
1095 2366 1194 2434 τὴν
1246 2361 1347 2433 μὲν
1401 2366 1599 2418 τούτου
1653 2362 1871 2434 ἑταίραν

195 2454 491 2525 περαιτέρω
532 2463 629 2508 τοῦ
668 2459 845 2516 καλῶς
884 2456 1104 2524 ἔχοντος
1143 2451 1232 2506 καὶ
1271 2456 1467 2523 χρυσία
1504 2453 1679 2506 πολλὰ
1718 2455 1870 2523 ἔχου·

195 2558 298 2597 σαν
337 2541 426 2596 καὶ
468 2542 650 2611 ἱμάτια
688 2542 854 2610 καλά,
900 2540 990 2595 καὶ
1039 2541 1260 2605 ἐξόδσυς
1306 2541 1553 2611 λαμπρὰς
1599 2540 1870 2608 ἐξιοῦσαν,

194 2630 282 2684 καὶ
337 2631 669 2700 ὑβρίζουσαν
732 2628 790 2682 ἐκ
847 2638 958 2681 τῶν
1019 2626 1322 2697 ἡμετέρων,
1383 2625 1542 2680 αὐταὶ
1596 2624 1658 2680 δὲ
1709 2647 1869 2681 κατα·

194 2718 485 2788 δεεστέρως
515 2716 637 2787 περὶ
677 2714 823 2770 ταῦτ’
865 2718 1061 2786 ἔχωσιν
1101 2717 1333 2779 ἅπαντα;
1376 2724 1488 2778 πῶς
1527 2714 1628 2768 οὐκ
1668 2715 1998 2769 ἐκεῖναι1188

193 2812 401 2876 μᾶλλον
443 2809 520 2859 ἔτι
553 2805 870 2859 ἀδικοῦνται
911 2804 943 2872 ἢ
984 2804 1112 2872 ἐγώ;
1156 2800 1315 2866 οὗτος
1355 2800 1415 2856 δὲ
1453 2812 1564 2865 πῶς
1604 2802 1670 2856 οὐ
1711 2823 1867 2856 κατα-

189 2904 379 2964 φανῶς
418 2899 664 2963 μαίνεται
711 2891 799 2945 καὶ
846 2901 1212 2962 παραφρονεῖ,
1258 2898 1481 2944 τοιαῦτα
1528 2889 1650 2959 περὶ
1696 2890 1868 2944 αὑτοῦ
