2035 3158
141 134 251 186 212
670 136 784 178 mv.
817 133 1280 177 ΔΗΜΟΣΘΕΝΟΤΣ

137 269 453 335 Λεωκόριον
493 262 661 334 εἶναι,
708 264 798 318 καὶ
843 267 1056 328 τούτοις
1101 267 1581 336 περιτυγχάνομεν.
1645 267 1717 330 ὡς
1754 271 1805 320 δ’

136 354 555 424 ἀνεμείχθημεν,
605 347 682 416 εἷς
732 350 833 422 μὲν
883 353 1081 421 αὐτῶν,
1131 353 1311 421 ἀγνώς
1359 374 1456 420 τις,
1507 361 1578 426 τῷ
1635 348 1813 408 Φανο-

137 441 345 513 στράτῳ
400 444 722 509 προσπίπτει
776 440 866 494 καὶ
921 451 1163 510 κατεῖχεν
1216 440 1451 508 ἐκεῖνον,
1505 444 1705 494 Κόνων
1756 439 1804 496 δ’

137 527 324 583 οὑτοσὶ
363 527 450 581 καὶ
491 528 519 582 ὁ
558 529 678 591 υίὸς
710 529 881 581 αὐτοῦ
914 527 1002 580 καὶ
1037 529 1065 582 ὁ
1103 526 1498 598 Ἀνδρομένους
1536 529 1655 591 υίὸς
1694 527 1813 597 ἐμοὶ

135 619 557 684 προσπεσόντες,
598 618 656 668 τὸ
697 612 796 684 μὲν
834 625 1051 684 πρῶτον
1094 614 1383 684 ἐξέδυσαν,
1431 613 1538 669 εἷθ’
1576 617 1814 671 ὑποσκε-

137 709 381 766 λίσαντες
418 703 508 756 καὶ
548 703 804 772 ῥάξαντες
844 704 919 765 εἰς
960 705 1053 756 τὸν
1094 706 1396 772 βόρβορον,
1444 704 1586 757 οὕτω
1628 704 1814 773 διέθη-

135 812 237 844 καν
292 790 643 858 ἐναλλόμενοι
699 789 788 843 καὶ
845 794 1121 857 παίοντες,
1178 792 1314 844 ὥστε
1370 793 1428 845 τὸ
1483 789 1584 860 μὲν
1637 796 1814 863 χεῖλος

136 880 420 947 διακόψαι,
475 881 600 941 τοὺς
663 876 710 931 δ’
774 880 1101 947 ὀφθαλμοὺς
1157 884 1493 946 συγκλεῖσαι·
1555 880 1698 934 οὕτω
1754 877 1812 933 δὲ

136 976 310 1030 κακῶς
359 969 550 1036 ἔχοντα
601 965 920 1035 κατέλιπον,
972 968 1107 1020 ὥστε
1158 964 1278 1036 μήτ’
1336 966 1634 1035 ἀναστῆναι
1683 971 1812 1037 μήτε

136 1053 484 1124 φθέγξασθαι
510 1055 800 1107 δύνασθαι.
859 1059 1102 1123 κείμενος
1128 1053 1176 1107 δ’
1208 1055 1387 1108 αὐτῶν
1411 1056 1617 1123 ἤκουον
1640 1056 1814 1108 πολλὰ

93 1160 110 1189 ⁹
137 1140 225 1194 καὶ
265 1143 419 1194 δεινὰ
460 1144 749 1210 λεγόντων.
813 1141 900 1194 καὶ
936 1143 998 1194 τὰ
1031 1140 1131 1210 μὲν
1163 1144 1300 1196 ἄλλα
1340 1141 1428 1196 καὶ
1467 1146 1817 1212 βλασφημίαν

138 1232 245 1300 ἔχει
284 1231 404 1283 τινὰ
445 1229 532 1282 καὶ
574 1229 752 1298 λέγειν
794 1227 1079 1299 ὀκνήσαιμ’
1126 1230 1193 1283 ἂν
1234 1231 1292 1284 ἐν
1331 1230 1463 1300 ὑμῖν
1503 1233 1648 1300 ἔνια,
1687 1230 1716 1283 ὃ
1757 1227 1817 1284 δὲ

138 1325 229 1385 τῆς
278 1318 484 1386 ὕβρεώς
537 1317 649 1370 ἐστι
701 1325 792 1385 τῆς
850 1319 1046 1371 τούτου
1107 1327 1331 1387 σημεῖον
1389 1317 1477 1371 καὶ
1528 1320 1818 1389 τεκμήριον
2001 1304 2027 1463 ἑ

2005 1481 2029 1586 ⁴33

137 1414 235 1459 τοῦ
286 1413 396 1458 πᾶν
451 1407 508 1458 τὸ
564 1403 765 1474 πρᾶγμ’
827 1405 933 1458 ὑπὸ
989 1407 1185 1459 τούτου
1240 1411 1602 1475 γεγενῆσθαι,
1654 1404 1810 1460 τοῦθ’

136 1493 268 1562 ὑμῖν
309 1491 434 1562 ε’ρῶ·
476 1487 573 1563 ᾖδε
615 1494 717 1562 γὰρ
757 1495 884 1556 τοὺς
916 1493 1282 1563 ἀλεκτρυόνας
1322 1495 1655 1563 μιμούμενος
1691 1497 1819 1558 τοὺς

137 1583 504 1649 νενικηκότας,
545 1581 601 1634 οἱ
636 1577 697 1633 δὲ
739 1590 953 1650 κροτεῖν
990 1590 1102 1644 τοῖς
1142 1581 1382 1649 ἀγκῶσιν
1423 1583 1590 1635 αὐτὸν
1628 1581 1819 1650 ἠξίουν
2009 1651 2012 1654 ψ

139 1666 260 1721 ἀντὶ
297 1669 583 1736 πτερύγων
624 1669 719 1731 τὰς
755 1668 1007 1738 πλευράς.
1085 1667 1172 1721 καὶ
1212 1670 1343 1737 μετὰ
1381 1667 1528 1723 ταῦτ’
1576 1668 1680 1738 ἐγὼ
1720 1666 1820 1738 μὲν
1998 1680 2029 1730 3

141 1755 517 1823 ἀπεκομίσθην
557 1755 661 1809 ὑπὸ
700 1765 809 1808 τῶν
849 1758 1272 1825 παρατυχόντων
1306 1759 1531 1826 γυμνός,
1571 1753 1722 1810 οὗτοι
1762 1753 1811 1810 δ’

142 1842 347 1913 ᾤχοντο
378 1843 670 1910 θοίμάτιον
703 1845 962 1919 λαβόντες
994 1863 1114 1912 μου.
1179 1843 1251 1906 ὡς
1283 1840 1332 1896 δ’
1374 1842 1458 1897 ἐπὶ
1499 1846 1598 1913 τὴν
1637 1845 1822 1914 θύραν

145 1928 337 1999 ἦλθον,
368 1931 576 1998 κραυγὴ
609 1928 698 1982 καὶ
728 1931 831 1999 βοὴ
872 1938 964 1998 τῆς
1008 1933 1209 1999 μητρὸς
1240 1929 1328 1984 καὶ
1362 1941 1470 1984 τῶν
1500 1937 1822 2002 θεραπαινί-

144 2019 257 2070 δων
303 2012 398 2085 ἦν,
439 2014 526 2069 καὶ
565 2019 722 2085 μόγις
767 2014 884 2070 ποτ’
935 2019 1010 2080 εἰς
1055 2020 1350 2086 βαλανεῖον
1399 2018 1712 2087 ἐνεγκόντες
1756 2007 1820 2088 με

144 2105 232 2158 καὶ
271 2105 697 2173 περιπλύναντες
736 2104 947 2168 ἔδειξαν
980 2115 1093 2167 τοῖς
1127 2107 1344 2172 ἰατροῖς.
1416 2106 1487 2169 ὡς
1526 2102 1627 2160 οὗν
1669 2102 1848 2162 ταῦτ’ζ

144 2193 323 2262 ἀληθῆ
366 2190 524 2260 λέγω,
565 2193 773 2246 τούτων
813 2192 946 2260 ὑμῖν
986 2195 1112 2255 τοὺς
1151 2193 1425 2263 μάρτυρας
1461 2193 1774 2264 παρέξομαι.

817 2353 1149 2395 ΜΑΡΤΤΡΕΣ.

82 2472 122 2505 10
259 2454 476 2525 Συνέβη
531 2459 720 2510 τοίνυν
771 2452 811 2509 ὦ
861 2458 1057 2526 ἄνδρες
1115 2455 1362 2509 δικασταὶ
1418 2456 1504 2509 καὶ
1555 2458 1826 2521 Εὐξίθεον

148 2542 365 2598 τουτονὶ
404 2546 499 2597 τὸν
543 2545 873 2612 Χολλείδην,
915 2542 1040 2596 ὄνθ’
1086 2544 1216 2612 ἡμῖν
1258 2553 1522 2612 συγγενῆ,
1561 2543 1650 2597 καὶ
1688 2547 1829 2598 [Wec-

151 2633 276 2684 δίαν
314 2633 444 2701 μετὰ
484 2633 708 2700 τούτου,
747 2631 853 2685 ἀπὸ
896 2633 1123 2685 δείπνου
1169 2629 1345 2684 ποθὲν
1386 2631 1642 2694 ἀπιόντας
1681 2651 1828 2703 περι-

151 2728 332 2789 τυχεῖν
379 2722 611 2788 πλησίον
667 2721 787 2772 ὄντι
835 2739 928 2788 μοι
976 2727 1067 2787 τῆς
1123 2721 1293 2782 οἰκίας
1340 2721 1472 2788 ἤδη,
1527 2718 1615 2772 καὶ
1655 2723 1731 2783 εἰς
1767 2723 1828 2774 τὸ

150 2809 446 2876 βαλανεῖον
470 2804 754 2879 φερομένῳ
776 2811 1284 2876 παρακολουθῆσαι,
1308 2806 1395 2859 καὶ
1423 2808 1610 2876 ἰατρὸν
1634 2808 1830 2876 ἄγουσι

152 2891 578 2963 παραγενέσθαι.
643 2893 785 2948 οὕτω
827 2892 876 2947 δ’
923 2890 1071 2964 εἶχον
1111 2893 1386 2962 ἀσθενῶς,
1426 2891 1589 2963 ὥσθ’,
1626 2896 1719 2948 ἵνα
1757 2897 1829 2964 μὴ
