2035 3158
145 386 184 418 57

146 1176 187 1207 68

216 152 320 203 1⁴80
755 152 805 191 L.
858 147 1362 207 [Anuozssssuorz]

879 280 1217 325 MAPTTPIAI.

307 370 488 424 Ὅσων
539 367 638 440 μὲν
690 372 880 423 τοίνυν
930 368 1061 437 ὑμῖν
1110 368 1399 438 ἠδυνάμην
1448 369 1542 432 τὰς
1590 372 1886 439 μαρτυρίας

210 457 585 528 παρασχέσθαι
627 466 735 510 τῶν
775 454 1261 525 παραγενομένων,
1300 455 1372 519 ὡς
1410 458 1746 525 παρεδίδουν
1785 459 1885 526 τὴν

213 554 350 600 ναῦν
382 548 665 599 Πολυκλεῖ
697 543 974 612 πολλάκις,
1013 539 1172 607 οὗτος
1212 541 1261 596 δ’
1301 544 1402 597 οὐκ
1443 543 1677 614 ἠθέλησε
1716 562 1886 614 παρα·

209 636 417 702 λαβεῖν,
456 631 767 700 ἀνέγνωκεν
797 630 951 699 ὑμῖν·
992 632 1070 684 ἔτι
1102 627 1163 684 δὲ
1201 630 1290 684 καὶ
1330 630 1390 685 ἐκ
1428 635 1732 702 τεκμηρίων
1771 631 1885 685 ἰκα-

209 731 322 774 νῶν
363 721 645 789 δεδήλωκα
684 719 837 788 ὑμῖν,
884 719 1025 772 διότι
1064 718 1165 772 οὐκ
1203 721 1370 787 ἤθελε
1409 722 1748 789 παραλαβεῖν
1785 720 1885 787 τὴν

208 818 364 863 ναῦν.
427 809 695 877 βούλομαι
728 804 777 860 δ’
817 805 948 875 ὑμῖν
986 805 1076 859 καὶ
1114 809 1211 860 τὸν
1249 809 1422 876 νόμον
1461 807 1887 876 ἀναγνωσθῆναι

209 898 305 950 τὸν
343 894 465 964 περὶ
507 905 613 948 τῶν
655 897 948 965 διαδόχων,
994 892 1066 948 ἵν’
1113 896 1289 963 εἰδῆτε
1333 894 1534 963 ἡλίκων
1573 905 1684 948 τῶν
1722 894 1884 948 ἐπιτι-

209 988 349 1054 μίων
389 986 583 1052 ὄντων,
631 982 726 1037 ἐάν
773 1003 853 1046 τις
898 985 970 1053 μὴ
1021 982 1330 1052 διαδέξηται
1377 984 1477 1052 τὴν
1524 991 1665 1037 ναῦν
1712 982 1772 1037 ἐν
1811 990 1884 1056 τῷ

189 1075 388 1145 ’χρόνῳ
428 1079 501 1143 τῷ
555 1070 850 1144 εἰρημένῳ,
899 1073 1307 1140 κατεφρόνησεν
1358 1071 1460 1124 οὐκ
1511 1070 1645 1140 ἐμοῦ
1693 1074 1888 1141 μόνον,

212 1159 348 1213 ἀλλὰ
395 1158 481 1213 καὶ
530 1159 685 1229 ὑμῶν
732 1157 822 1213 καὶ
860 1168 970 1212 τῶν
1009 1161 1210 1227 νόμων.
1273 1156 1363 1211 καὶ
1410 1158 1501 1211 διὰ
1546 1154 1646 1227 μὲν
1691 1167 1888 1213 τοῦτον

209 1249 383 1301 πάντα
433 1256 496 1318 τῇ
543 1251 698 1301 πόλει
745 1248 991 1316 ἄπρακτα
1039 1244 1229 1315 γέγονε
1276 1244 1366 1299 καὶ
1411 1255 1526 1309 τοῖς
1565 1247 1886 1317 συμμάχοις·

211 1337 334 1389 οὔτε
376 1336 478 1404 γὰρ
520 1335 743 1405 ἀφίκετο
785 1333 872 1388 ἐπὶ
911 1336 1010 1403 τὴν
1049 1342 1190 1388 ναῦν
1230 1334 1362 1387 κατὰ
1401 1335 1497 1388 τὸν
1535 1336 1729 1402 νόμον,
1768 1332 1881 1388 οὔτ’

211 1423 395 1493 ἐπειδὴ
445 1420 619 1492 ἦλθεν
669 1420 904 1492 ἠθέλησε
957 1421 1334 1486 διαδέξασθαι·
1388 1421 1492 1490 ἐγὼ
1545 1418 1609 1482 δὲγ
1658 1420 1748 1474 καὶ
1791 1424 1889 1477 τὸν

209 1508 346 1580 ὑπὲρ
386 1510 623 1580 ἐμαυτοῦ
663 1511 796 1580 ὑμῖν
835 1513 1037 1581 χρόνον
1068 1509 1157 1563 καὶ
1189 1512 1285 1563 τὸν
1324 1506 1460 1577 ὑπὲρ
1500 1517 1598 1563 τοῦ
1638 1524 1889 1580 συντριη-

211 1599 417 1670 ράρχου
458 1599 857 1670 ἐλῃτούργησα,
904 1596 993 1651 καὶ
1036 1598 1219 1667 ἐπειδὴ
1261 1597 1461 1666 ἐξῆλθέ
1495 1618 1587 1666 μοι
1627 1598 1655 1652 ὁ
1695 1600 1891 1667 χρόνος

209 1696 302 1756 τῆς
353 1690 727 1757 τριηραρχίας,
787 1687 1216 1754 προστάττοντός
1277 1706 1371 1755 μοι
1432 1694 1530 1739 τοῦ
1584 1694 1889 1755 στρατηγοῦ

209 1779 366 1829 πλεῖν
406 1773 490 1845 ἐφ’
528 1773 702 1843 Ἱερὸν
739 1773 1062 1843 παρέπεμψα
1109 1781 1182 1846 τῷ
1233 1775 1386 1847 δήμῳ
1434 1775 1531 1827 τὸν
1579 1783 1761 1842 σῖτον,
1806 1772 1882 1828 ἵν’

210 1864 361 1934 ἔχητε
415 1864 673 1933 ἄφθονον
736 1861 1001 1915 ὠνεῖσθαι
1063 1860 1153 1914 καὶ
1209 1858 1381 1930 μηδὲν
1434 1861 1567 1930 ὑμῖν
1621 1859 1736 1914 κατ’
1798 1857 1889 1931 ἐμὲ

213 1950 549 2020 ἐλλείπηται,
599 1948 689 2003 καὶ
739 1950 876 2002 ἄλλα
927 1949 1028 2002 ὅσα
1068 1948 1100 2018 ἣ
1142 1947 1260 2017 ἐμοὶ
1301 1948 1333 2017 ἢ
1373 1957 1436 2019 τῇ
1486 1951 1695 2018 τριήρει
1734 1948 1888 2018 ἐβου-

211 2042 355 2109 λήθη
396 2039 424 2093 ὁ
466 2039 760 2107 στρατηγὸς
799 2042 1055 2107 χρῆσθαι,
1093 2035 1366 2106 παρέσχον
1405 2037 1572 2109 αὐτῷ,
1611 2037 1677 2090 οὐ
1716 2039 1889 2106 μόνον

211 2128 309 2196 τὴν
334 2127 529 2180 οὐσίαν
555 2125 884 2193 ἀναλίσκων,
918 2124 1055 2177 ἀλλὰ
1087 2123 1176 2178 καὶ
1208 2132 1281 2197 τῷ
1317 2126 1521 2194 σώματι
1545 2125 1889 2178 κινδυνεύων

211 2212 614 2283 συνεπιπλέων,
672 2222 781 2266 τῶν
833 2215 1052 2266 οἰκείων
1101 2232 1194 2283 μοι
1243 2213 1574 2281 πραγμάτων
1625 2214 1890 2266 τοιούτων

213 2304 635 2372 συμβεβηκότων
677 2300 737 2355 ἐν
776 2308 849 2373 τῷ
884 2303 1002 2354 τότε
1035 2308 1227 2372 καιρῷ,
1266 2302 1401 2354 ὥστε
1441 2300 1581 2369 ὑμᾶς
1620 2299 1688 2353 ἂν
1727 2300 1889 2354 ἀκού-

213 2403 410 2453 σαντας
442 2389 671 2458 ἐλεῆσαι.
733 2388 766 2457 ἡ
807 2387 907 2458 μέν
947 2409 1006 2457 γε
1048 2391 1222 2458 μήτηρ
1263 2391 1459 2458 ἔκαμνε
1499 2387 1587 2442 καὶ
1628 2387 1889 2441 ἐπιθάνα-

212 2498 302 2541 τος
346 2474 415 2547 ἦν
462 2477 596 2546 ἐμοῦ
643 2475 1084 2545 ἀποδημοῦντος,
1138 2478 1272 2531 ὥστε
1320 2478 1392 2546 μὴ
1448 2477 1724 2530 δύνασθαι
1773 2474 2020 2542 [36¹²]1225

214 2569 289 2619 ἔτι
329 2566 500 2635 αὐτὴν
539 2569 815 2634 βοηθῆσαι
848 2574 959 2628 τοῖς
991 2565 1138 2634 ἐμοῖς
1169 2566 1481 2634 πράγμασιν
1521 2562 1889 2633 ἀνηλωμένοις

214 2651 330 2706 ἀλλ’
372 2652 403 2721 ἢ
442 2652 658 2723 βραχέα.
722 2651 931 2715 ἑκταῖος
963 2654 1064 2723 γὰρ
1097 2653 1246 2721 ἥκων
1279 2652 1596 2722 ἐτύγχανον,
1635 2649 1723 2704 καὶ
1755 2651 1889 2706 ἐκεί-

216 2761 282 2808 νη
335 2741 529 2794 ἰδοῦσά
579 2760 644 2810 με
695 2740 784 2794 καὶ
846 2749 1216 2811 προσειποῦσα
1274 2741 1373 2809 τὴν
1428 2740 1611 2810 ψυχὴν
1662 2738 1888 2809 ἀφῆκεν,

218 2826 396 2883 οὐκέτι
435 2838 544 2881 τῶν
584 2830 761 2882 ὄντων
801 2831 962 2897 κυρία
1002 2824 1140 2881 οὖσα
1181 2829 1314 2881 ὥστε
1355 2829 1552 2881 δοῦναι
1591 2827 1693 2880 ὅσα
1732 2827 1888 2897 ἐβού-

219 2918 340 2969 λετό
380 2936 485 2984 μοι.
555 2916 813 2979 πολλάκις
850 2912 910 2969 δὲ
941 2918 1208 2985 πρότερον
1240 2913 1600 2984 μετεπέμπετό
1639 2933 1722 2985 με,
1761 2914 1887 2985 ἀφι-
