2035 3158
92 859 132 891 32

164 100 267 161 152
635 102 790 144 xmx.
841 99 1344 156 [ΔΗΜΟΣΘΕΝΟΎΣ]
1963 0 2011 146 Ξ

156 238 351 284 θεῖναι
379 240 452 304 τῷ
490 235 773 302 Φορμίωνι
806 229 917 301 μετ’
957 233 1140 286 ἄλλων
1177 233 1466 302 χρημάτων
1505 229 1595 285 καὶ
1632 231 1852 301 φιάλας

159 324 502 388 λυκιουργεῖς
534 320 650 373 δύο.
714 318 818 373 ἀπὸ
851 321 1013 390 τύχης
1046 316 1092 372 δ’
1134 319 1162 372 6
1194 329 1320 381 παῖς
1350 320 1546 381 ταύτας
1576 319 1669 381 τὰς
1705 317 1831 388 φιά-

158 412 281 474 λας,
337 407 436 460 οὐκ
486 408 645 469 εἰδὼς
692 406 776 459 ὅτι
828 396 1106 474 ἀλλότριαι
1154 402 1322 475 ἦσαν,
1379 407 1573 459 δίδωσι
1618 413 1692 478 τῷ
1732 407 1846 459 Αί-’

158 495 382 562 σχρίωνι
414 500 488 565 τῷ
523 493 814 566 ἀκολούθῳ
847 501 920 565 τῷ
964 494 1179 561 τούτου,
1220 490 1295 545 ὅτ’
1335 492 1587 564 ἐπέμφθη
1627 494 1700 556 ὡς
1736 495 1832 547 τὸν

156 579 367 650 πατέρα
392 582 487 634 τὸν
529 580 660 650 ἐμὸν
693 580 799 634 ὑπὸ
832 582 1050 648 τούτου,
1097 579 1186 632 καὶ
1225 577 1403 650 ᾐτεῖτο
1444 581 1506 633 τὰ
1547 581 1832 649 στρώματα

157 666 245 720 καὶ
278 668 340 720 τὰ
375 668 557 736 ἱμάτια
590 666 678 720 καὶ
712 668 807 730 τὰς
839 669 1054 737 φιάλας,
1094 667 1183 720 καὶ
1215 669 1316 737 τὴν
1348 675 1491 737 μνᾶν
1530 677 1628 722 τοῦ
1667 667 1832 737 ἀργυ-

159 757 282 822 ρίου
324 755 667 823 ἐδανείσατο,
715 753 1064 824 ἀφικομένων
1114 755 1185 817 ὡς
1223 764 1419 809 τοῦτον
1452 752 1704 808 Ἀλκέτου
1742 753 1833 808 καὶ

2013 662 2020 669 -
2007 555 2021 639 man„
1994 170 2019 536 “Qb«2-e—ma.en·m¹.1
2003 139 2011 154 ,ι

153 841 407 905 Ἰάσονος.
471 842 830 904 ἀπαιτοῦντος
864 839 923 895 δὲ
956 851 1054 896 τοῦ
1094 841 1469 911 Τιμοσθένους
1505 843 1598 906 τὰς
1636 843 1834 913 φιάλας

159 934 253 985 τὸν
295 934 624 1001 Φορμίωνα,
674 929 859 998 ἐπειδὴ
901 926 1057 999 ἧκεν,
1098 930 1512 999 ἀποδημοῦντος
1558 930 1835 1000 Τιμοθέου

157 1020 302 1088 παρὰ
334 1023 567 1089 βασιλεῖ,
606 1022 787 1071 πείθει
821 1018 990 1072 αὐτὸν
1025 1019 1052 1072 6
1085 1021 1259 1088 πατὴρ
1293 1019 1320 1073 6
1356 1019 1480 1086 ἐμὸς
1511 1020 1672 1087 τιμὴν
1704 1019 1834 1073 ἀπο-

161 1110 346 1176 λαβεῖν
386 1117 494 1160 τῶν
533 1111 774 1176 φιαλῶν,
830 1107 961 1160 ὅσον
1008 1103 1145 1174 ἦγον
1194 1108 1254 1159 αἱ
1287 1107 1504 1176 φιάλαι,
1558 1108 1837 1170 διακοσίας

161 1195 448 1265 τριάκοντα
497 1193 642 1247 ἑπτά.
720 1193 808 1246 καὶ
856 1201 928 1266 τῷ
978 1191 1077 1262 μὲν
1127 1192 1454 1262 Τιμοσθένει
1502 1195 1663 1263 τιμὴν
1711 1193 1836 1247 ἀπέ-

160 1284 298 1336 δωκε
353 1293 462 1336 τῶν
516 1287 763 1350 φιαλῶν,
818 1290 1015 1335 τοῦτον
1066 1279 1115 1334 δ’
1171 1281 1443 1351 ἐγράψατο
1491 1281 1636 1354 αὑτῷ
1691 1283 1838 1352 ὀφεί-

162 1376 355 1437 λοντα,
394 1373 528 1441 πρὸς
567 1372 626 1423 τὸ
668 1370 801 1422 ἄλλο
842 1368 1012 1439 χρέως
1051 1369 1079 1423 ὃ
1121 1366 1280 1433 οὗτος
1319 1369 1465 1442 αὐτῷ
1507 1371 1770 1439 ὤφειλεν,
1809 1371 1838 1425 ὃ

94 1476 133 1506 33
162 1460 439 1512 ἀπέτεισεν
463 1465 536 1530 τῷ
572 1456 898 1526 Τιμοσθένει
934 1467 1044 1510 τῶν
1067 1462 1295 1526 φιαλῶν.
1358 1457 1449 1511 καὶ
1473 1467 1640 1512 ταῦτα
1663 1457 1831 1512 πάνθ’

97 2793 139 2825 34

162 1549 243 1599 Ιὅτι
283 1546 462 1615 ἀληθῆ
497 1544 655 1613 λέγω,
693 1546 902 1597 τούτων
935 1545 1065 1613 ὑμῖν
1098 1544 1468 1613 ἀναγνώσεται
1507 1546 1600 1609 τὰς
1638 1566 1841 1616 μαρτυ-

162 1638 305 1702 ρίας,
355 1644 572 1703 πρῶτον
613 1631 712 1701 μὲν
752 1642 862 1685 τῶν
904 1634 1115 1686 δόντων
1154 1635 1214 1687 τὸ
1255 1632 1520 1703 ἀργύριον
1560 1627 1641 1697 οἷς
1680 1632 1840 1698 οὗτος

163 1721 442 1775 ἐκέλευσεν
490 1721 594 1775 ἀπὸ
646 1729 737 1789 τῆς
788 1720 1046 1790 τραπέζης
1097 1720 1185 1774 καὶ
1234 1720 1654 1791 ἐπικαθημένων
1699 1725 1841 1792 τότε,

162 1812 341 1862 ἔπειτα
380 1818 478 1864 τοῦ
519 1808 898 1877 ἀπολαβόντος
939 1811 1036 1877 τὴν
1077 1810 1238 1878 τιμὴν
1278 1819 1388 1862 τῶν
1427 1814 1655 1879 φιαλῶν.

833 1969 1168 2011 ΜΑΡΤΎῬΙΑῘ.

257 2072 373 2126 Ὅτι
421 2070 520 2142 μὲν
571 2076 763 2126 τοίνυν
815 2072 881 2126 οὐ
932 2074 1203 2141 ψεύδομαι
1252 2075 1386 2142 πρὸς
1425 2073 1563 2141 ὑμᾶς
1600 2072 1723 2142 περὶ
1764 2068 1840 2126 ὧν
1860 2091 1970 2132 1194

161 2157 349 2229 εἷπον,
412 2170 520 2213 τῶν
575 2171 888 2231 μαρτυριῶν
944 2159 1508 2229 ἀναγιγνωσκομένων
1563 2160 1841 2228 ἀκηκόατε.

162 2249 243 2302 ὅτι
285 2247 348 2301 δέ
383 2268 474 2317 μοι
523 2247 611 2301 καὶ
664 2249 826 2311 αὐτὸς
867 2245 1027 2311 οὗτος
1067 2249 1334 2317 ὡμολόγει
1375 2249 1437 2301 τὰ
1478 2248 1611 2312 ξύλα
1650 2250 1714 2301 τὰ
1753 2269 1842 2302 κο-

161 2335 428 2406 μισθέντα
482 2335 588 2390 ὑπὸ
640 2338 936 2390 Φιλώνδου
992 2338 1068 2399 εἰς
1122 2338 1220 2405 τὴν
1269 2338 1447 2389 οἰκίαν
1493 2338 1592 2405 τὴν
1644 2335 1842 2391 ἑαυτοῦ

162 2425 601 2493 ἀνακομισθῆναι
657 2425 757 2492 τὴν
813 2423 871 2477 ἐν
930 2428 1210 2493 Πειραιεῖ,
1263 2425 1473 2478 τούτων
1528 2424 1660 2493 ὑμῖν
1714 2423 1844 2478 ἀνα-

164 2513 429 2580 γνώσεται
468 2512 568 2580 τὴν
608 2515 928 2582 μαρτυρίαν.

845 2673 1158 2715 ΜΑΡΤΤΡΙΑ.

265 2775 356 2840 Ὡς
391 2773 495 2844 μὲν
534 2777 724 2829 τοίνυν
764 2775 962 2829 τούτου
1000 2771 1069 2844 ἦν
1109 2775 1172 2828 τὰ
1213 2774 1346 2840 ξύλα
1379 2774 1411 2828 ἃ
1443 2777 1647 2844 ἤγαγεν
1679 2775 1709 2830 6
1745 2780 1845 2828 Φι-

164 2865 404 2932 λώνδας,
445 2863 608 2927 αὐτός
646 2882 738 2932 μοι
778 2864 1211 2933 μεμαρτύρηκεν·
1254 2864 1522 2933 ὡμολόγει
1562 2864 1666 2934 γὰρ
1708 2866 1843 2917 αὐτὰ
