2035 3158
150 193 252 245 110
613 193 790 233 nvn.
838 189 1342 248 [ΔΗΜΟΣΘΕΝΟΤΣ]

142 325 282 394 ὑμᾶς
329 326 472 387 εἰκός
523 322 670 376 ἐστιν
722 322 775 386 ἐξ
827 322 993 391 ἀρχῆς
1042 317 1084 374 ὦ
1135 322 1331 389 ἄνδρες
1369 318 1618 374 δικασταὶ
1652 327 1817 374 τοῦτο

143 421 386 480 πρῶτον,
438 413 690 481 πότερον,
725 409 828 477 ἐγὼ
883 410 1114 477 ἠδίκουν
1153 408 1183 462 ὁ
1222 407 1655 476 ἀναγκαζόμενος
1707 409 1815 460 εἰσ-

143 500 341 568 πρᾶξαι
390 500 486 552 τὸν
539 501 863 566 Θεόφημον,
913 496 946 565 ἢ
995 498 1311 565 Θεόφημος,
1360 494 1419 558 ὃς
1468 496 1708 564 ὀφείλων
1750 502 1815 565 τῇ

79 607 98 635 2·
143 590 298 640 πόλει
336 587 401 639 τὰ
441 586 604 654 σκεύη
644 587 821 638 πολὺν
858 587 1060 654 χρόνον
1099 584 1200 638 οὐκ
1237 583 1516 637 ἀπεδίδου.
1578 582 1675 636 ἐὰν
1711 583 1818 653 γὰρ

143 672 270 727 καθ’
317 674 543 727 ἕκαστον
576 681 825 740 σκοπῆτε,
864 672 1119 741 εὑρήσετε
1150 673 1247 725 τὸν
1281 674 1575 740 Θεόφημον
1606 671 1817 725 ἅπαντα

144 763 458 828 ἀδικοῦντα,
497 759 586 813 καὶ
625 769 791 813 ταῦτα
832 759 932 830 οὐχ
968 757 1060 812 ὑπ’
1101 758 1235 827 ἐμοῦ
1274 762 1447 827 μόνον
1486 761 1633 831 λόγῳ
1672 760 1817 829 εἰρη-

144 847 298 918 μένα,
343 848 480 902 ἀλλὰ
525 846 616 901 καὶ
659 848 766 901 ὑπὸ
813 855 906 915 τῆς
952 850 1155 916 βουλῆς
1200 845 1289 899 καὶ
1329 854 1426 900 τοῦ
1465 847 1818 918 δικαστηρίου

146 940 309 1010 ψήφῳ
349 934 650 1005 κεκριμένα.
721 934 906 1003 ἐπειδὴ
953 936 1056 1002 γὰρ
1102 933 1412 1003 παρέλαβον
1460 935 1627 988 αὐτὸν
1671 936 1817 1006 παρὰ

147 1033 238 1092 τῆς
277 1024 460 1094 ἀρχῆς,
499 1023 827 1092 προσελθὼν
867 1023 1010 1092 αὐτῷ
1059 1032 1277 1090 πρῶτον
1324 1019 1424 1090 μὲν
1470 1019 1715 1092 ἀπῄτουν
1752 1024 1818 1077 τὰ

147 1114 334 1182 σκεύη·
375 1113 446 1174 ὡς
478 1108 538 1164 δὲ
576 1113 737 1164 τοῦτό
776 1130 882 1178 μου
920 1112 1167 1172 εἰπόντος
1206 1109 1308 1163 οὐκ
1345 1109 1628 1179 ἀπεδίδου,
1665 1111 1819 1165 ὔστε-

148 1221 248 1267 ρον
301 1200 445 1270 αὐτῷ
501 1198 805 1267 περιτυχὼν
859 1197 983 1268 περὶ
1034 1200 1131 1251 τὸν
1177 1195 1382 1266 Ἑρμῆν
1435 1199 1532 1251 τὸν
1576 1201 1712 1268 πρὸς
1754 1207 1819 1270 τῇ

147 1289 355 1355 πυλίδι,
392 1287 872 1356 προσεκαλεσάμην
916 1288 1052 1355 πρός
1097 1304 1153 1338 τε
1199 1288 1328 1348 τοὺς
1366 1284 1695 1350 ἀποστολέας
1730 1286 1821 1341 καὶ

149 1378 282 1443 πρὸς
314 1378 440 1438 τοὺς
470 1384 579 1428 τῶν
610 1377 855 1442 νεωρίων
888 1373 1226 1442 ἐπιμελητάς·
1268 1370 1420 1427 οὗτοι
1459 1374 1562 1444 γὰρ
1600 1359 1970 1444 εἰσῆγονιιιιῖᾼ

149 1467 268 1517 τότε
321 1465 415 1526 τὰς
469 1464 809 1524 διαδικασίας
863 1464 938 1524 εἰς
999 1464 1059 1516 τὸ
1124 1463 1475 1531 δικαστήριον
1535 1461 1660 1532 περὶ
1712 1473 1822 1517 τῶν
1982 1460 1986 1462 ’

107 1570 125 1599 τ
152 1561 377 1605 σκευῶν.
448 1551 519 1613 ὡς
566 1547 626 1602 δὲ
673 1549 851 1618 ἀληθῆ
901 1547 1066 1618 λέγω,
1113 1550 1322 1603 τούτων
1371 1549 1503 1618 ὑμῖν
1549 1550 1825 1622 μάρτυρας

151 1642 278 1703 τοὺς
315 1639 712 1707 κλητεύσαντας
750 1637 1061 1706 παρέξομαι.

829 1813 1159 1855 ΜΑΡΤΤΡΕΣ.

248 1901 366 1956 Ὅτι
405 1898 504 1970 μὲν
544 1904 733 1955 τοίνυν
766 1905 1115 1971 προσεκλήθη
1156 1899 1247 1954 ὑπ’
1288 1900 1439 1970 ἐμοῦ,
1479 1902 1537 1955 οἷ
1570 1901 1830 1971 κλητῆρές

157 2013 248 2061 μοι
295 1992 791 2060 μεμαρτυρήκασιν·
840 1991 912 2052 ὡς
959 1986 1018 2042 δὲ
1065 1992 1293 2059 εἰσήχθη
1349 1991 1424 2051 εἰς
1468 1990 1528 2043 τὸ
1579 1991 1831 2058 δικαστή-

158 2100 309 2149 ριον,
357 2077 495 2147 λαβέ
540 2097 631 2146 μοι
682 2079 781 2145 τὴν
831 2080 1136 2147 μαρτυρίαν
1185 2086 1294 2131 τῶν
1344 2075 1691 2131 ἀποστολέων
1741 2075 1832 2131 καὶ

158 2175 249 2236 τῆς
287 2166 466 2237 ἀρχῆς·

834 2253 1147 2296 ΜΑΡΤΤΡΙΑ.

259 2341 372 2396 “Ον
411 2339 510 2411 μὲν
551 2345 741 2395 τοίνυν
781 2341 936 2414 ᾤμην
975 2341 1259 2410 πράγματα
1298 2339 1575 2410 παρέξειν
1588 2360 1682 2410 μοι
1720 2344 1834 2409 Δη-

161 2431 406 2501 μοχάρην
453 2432 548 2484 τὸν
597 2429 891 2498 Παιανιέα,
945 2427 1076 2498 πρὶν
1127 2425 1227 2497 μὲν
1280 2431 1604 2498 εἰσαχθῆναι
1650 2429 1729 2491 εἰς
1772 2429 1833 2482 τὸ

164 2521 541 2588 δικαστήριον,
579 2514 648 2586 ἦν
686 2517 881 2587 ἀηδής,
929 2517 1113 2585 ἐπειδὴ
1165 2513 1226 2570 δὲ
1272 2518 1500 2586 εἰσήχθη
1547 2515 1637 2570 καὶ
1676 2515 1836 2584 ἑάλω,

163 2606 406 2660 ἀπέδωκε
455 2608 515 2660 τὸ
567 2602 691 2659 καθ’
751 2604 946 2659 ἑαυτὸν
996 2603 1157 2674 μέρος
1206 2613 1315 2657 τῶν
1366 2613 1591 2657 σκευῶν.
1663 2602 1729 2657 ὃν
1779 2599 1830 2656 δ’

163 2696 265 2749 οὐκ
315 2694 383 2748 ἂν
434 2691 629 2766 ᾠήθην
680 2695 757 2756 εἰς
796 2701 1071 2756 ,τοσοῦτον
1121 2694 1384 2760 πονηρίας
1433 2691 1650 2760 ἐλθεῖν,
1700 2691 1837 2744 ὥστε

164 2787 426 2852 τολμῆσαι
474 2783 542 2835 ἄν
587 2801 715 2836 ποτε
767 2783 865 2850 τὴν
919 2783 1081 2834 πόλιν
1136 2780 1498 2848 ἀποστερῆσαι
1543 2779 1608 2832 τὰ
1655 2779 1839 2847 σκεύη,

166 2873 242 2933 εἰς
290 2877 518 2924 τοσοῦτο
579 2872 749 2923 δικῶν
799 2867 889 2921 καὶ
939 2867 1270 2938 πραγμάτων
1325 2865 1677 2936 προβέβηκεν.
1750 2864 1841 2918 καὶ

167 2959 356 3025 παρὼν
397 2956 496 3025 μὲν
534 2959 669 3026 πρὸς
708 2965 778 3027 τςό
822 2957 1177 3026 δικαστηρίῳ,
1225 2954 1311 3008 ὅτε
1359 2956 1631 3021 εἰσήγετο,
1675 2952 1841 3007 οὐδα-
