2035 3158
733 147 890 189 RATA
923 146 1226 190 ΚοΝΩΝοΣ.
1714 143 1820 195 ‘217

137 268 483 349 ἐλωποδύτει.
546 281 598 334 εἰ
634 277 695 333 δὲ
736 281 808 349 μὴ
849 280 983 333 κατὰ
1019 280 1247 341 τούτους
1278 275 1630 348 προειλόμεθ’
1668 276 1826 346 ἡμεῖς

137 371 298 437 δίκην
349 368 674 437 λαμβάνειν,
723 367 878 437 ἡμεῖς
927 364 1027 436 μὲν
1078 366 1424 435 ἀπράγμονες
1473 365 1563 418 καὶ
1614 364 1821 434 μέτριοι

73 471 113 502 25
136 453 453 524 φαινοίμεθ’
492 455 561 508 ἂν
599 457 838 524 εἰκότως,
880 452 1039 518 οὗτος
1080 452 1128 508 δ’
1179 455 1378 523 ὁμοίως
1416 457 1669 522 πονηρός.
1731 451 1822 505 καὶ

136 546 246 614 μὴν
283 546 334 597 εἰ
369 550 572 597 παθεῖν
618 547 675 597 τί
716 545 808 612 μοι
856 542 1089 612 συνέβη,
1137 546 1316 612 φόνου
1365 540 1455 595 καὶ
1494 551 1603 594 τῶν
1645 544 1821 595 δεινο-

135 633 311 686 τάτων
357 631 425 685 ἂν
472 628 542 700 ἦν
587 632 866 694 ὑπόδικος.
947 633 1043 685 τὸν
1090 640 1228 699 γοῦν
1275 639 1367 699 τῆς
1412 633 1826 699 Βραυρωνόθεν

137 721 332 790 ἱερείας
377 718 559 789 πατέρ’
616 718 1072 788 ὁμολογουμένως
1120 719 1218 789 οὐχ
1267 718 1549 786 ἁψάμενον
1598 726 1694 771 τοῦ
1741 737 1822 770 τε-

137 812 517 878 λευτήσαντος,
557 807 638 860 ὅτι
679 815 751 879 τῷ
790 806 1085 871 πατάξαντι
1119 801 1338 859 τύπτὲιν
1370 807 1824 874 παρεκελεύσατο,

135 893 340 965 ἐξέβαλ’
383 895 415 963 ἡ
455 896 628 964 βουλὴ
668 895 701 963 ἡ
743 894 795 958 ἐξ
833 891 1044 963 Ἀρείου
1084 895 1278 961 πάγου.
1343 896 1589 956 δικαίως·
1631 896 1682 947 εἰ
1718 895 1824 963 γὰρ

135 968 195 1037 οἰ
225 985 492 1053 παρόντες
531 981 651 1036 ἀντὶ
691 991 789 1036 τοῦ
829 983 1062 1035 κωλύειν
1110 984 1238 1044 τοὺς
1279 979 1311 1049 ἢ
1353 978 1425 1033 δι’
1473 978 1629 1036 οἶνον
1668 982 1701 1052 ἢ
1742 980 1816 1036 δι’

134 1072 306 1142 ὀργὴν
352 1073 386 1140 ἥ
432 1068 534 1124 τιν’
590 1072 762 1139 ἄλλην
819 1073 998 1123 αἰτίαν
1047 1069 1436 1138 ἐξαμαρτάνειν
1486 1069 1823 1141 ἐπιχειροῦν-

133 1180 226 1223 τας
265 1158 421 1213 αὐτοὶ
460 1159 887 1227 παροξυνοῦσιν,
928 1156 1143 1226 οὐδεμί’
1185 1156 1334 1210 ἐστὶν
1370 1157 1521 1220 ἐλπὶς
1555 1162 1823 1227 σωτηρίας

134 1257 206 1320 τῷ
239 1251 618 1318 περιπίπτοντι
650 1258 762 1310 τοῖς
802 1248 1247 1315 ἀσελγαίνουσιν,
1282 1245 1400 1299 ἀλλ’
1442 1246 1541 1309 ἕως
1574 1246 1641 1299 ἂν
1675 1246 1823 1299 ἀπεί-

134 1352 330 1405 πωσιν,
370 1337 692 1406 ὑβρίζεσθαι
732 1336 981 1404 ὑπάρξει·
1024 1336 1156 1403 ὅπερ
1200 1334 1319 1404 ἐμοὶ
1361 1334 1579 1405 συνέβη.

72 1439 113 1471 26
236 1422 301 1478 ‘14
331 1428 542 1491 τοίνυν,
574 1422 664 1477 ὅθ’
702 1424 735 1492 ἡ
777 1422 937 1477 δίαιτ’
979 1421 1231 1492 ἐγίγνετ’,
1272 1423 1515 1492 ἐποίουν,
1554 1424 1820 1492 βούλομαι
1842 1437 1954 1476 1265

134 1515 270 1583 πρὸς
307 1512 447 1581 ὑμᾶς
492 1514 688 1565 εἰπεῖν·
736 1510 828 1565 καὶ
875 1513 978 1581 γὰρ
1029 1511 1087 1564 ἐκ
1134 1513 1344 1565 τούτων
1390 1514 1490 1580 τὴν
1539 1510 1822 1580 ἀσέλγειαν

132 1598 398 1654 θεάσεσθ’
461 1599 657 1654 αὐτῶν.
739 1599 1001 1669 ἐποίησαν
1056 1596 1156 1668 μὲν
1213 1601 1313 1663 ἔξω
1371 1599 1553 1668 μέσων
1607 1609 1823 1653 νυκτῶν

134 1690 235 1758 τὴν
275 1689 451 1755 ὥραν,
490 1688 613 1741 οὔτε
654 1689 748 1750 τὰς
787 1691 1086 1757 μαρτυρίας
1126 1687 1561 1756 ἀναγιγνώσκειν
1602 1686 1825 1742 ἐθέλον-

135 1795 238 1842 τες,
286 1774 398 1830 οὔτ’
445 1774 752 1845 ἀντίγραφα
805 1778 1050 1843 διδόναι,
1099 1786 1207 1828 τῶν
1257 1796 1311 1829 τε
1359 1779 1648 1845 παρόντων
1695 1775 1828 1845 ἡμῖν

138 1863 264 1918 καθ’
324 1863 400 1918 ἔν’
461 1863 663 1917 οὑτωσὶ
713 1867 849 1934 πρὸς
897 1866 995 1918 τὸν
1048 1868 1212 1917 λίθον
1264 1865 1487 1932 ἄγοντες
1537 1863 1627 1917 καὶ
1678 1863 1825 1933 ἐξορ»

138 1961 380 2018 κοῦντες,
417 1951 508 2005 καὶ
548 1953 853 2022 γράφοντες
884 1956 1183 2021 μαρτυρίας
1216 1950 1382 2006 οὐδὲν
1418 1955 1553 2022 πρὸς
1591 1953 1651 2005 τὸ
1692 1960 1826 2020 πρᾶ-

139 2061 273 2111 γμα,
323 2039 440 2094 ἀλλ’
487 2027 541 2104 ἐξ
595 2038 809 2111 ἑταίρας
859 2037 997 2094 εἶναι
1049 2042 1274 2094 παιδίον
1327 2040 1471 2112 αὐτῷ
1525 2050 1686 2094 τοῦτο
1736 2039 1824 2093 καὶ

136 2127 474 2183 πεπονθέναι
512 2129 577 2182 τὰ
616 2127 706 2182 καὶ
746 2129 837 2196 τά,
878 2129 910 2181 ἃ
951 2130 1024 2197 μὰ
1064 2131 1191 2191 τοὺς
1231 2131 1400 2191 θεοὺς
1439 2129 1636 2197 ἄνδρες
1677 2130 1827 2181 δικα·

139 2215 260 2270 σταὶ
285 2214 467 2278 οὐδεὶς
491 2215 639 2279 ὅστις
672 2216 773 2270 οὐκ
809 2216 1030 2284 ἐπετίμα
1064 2225 1171 2269 τῶν
1203 2219 1494 2285 παρόντων
1518 2214 1609 2269 καὶ
1636 2215 1830 2285 ἐμίσει,

76 2320 116 2352 27
140 2309 495 2367 τελευτῶντες
527 2301 588 2357 δὲ
618 2302 709 2357 καὶ
742 2302 897 2378 αὐτοὶ
931 2303 1172 2366 ἑαυτούς.
1236 2303 1423 2373 ἐπειδὴ
1465 2302 1515 2357 δ’
1562 2299 1665 2357 οὗν
1702 2302 1821 2357 ποτ’

143 2393 372 2446 ἀπεῖπον
396 2391 857 2460 κάνεπλήσθησαν
889 2401 1056 2445 ταῦτα
1087 2400 1392 2461 ποιοῦντες,
1423 2396 1829 2461 προκαλοῦνται

144 2480 230 2535 ἐπὶ
277 2480 592 2549 διακρούσει
640 2477 730 2532 καὶ
776 2487 850 2551 τῷ
899 2481 972 2548 μὴ
1020 2486 1372 2548 σημανθῆναι
1420 2482 1548 2542 τοὺς
1595 2480 1832 2549 ἐχίνους,

145 2568 359 2623 ἐθέλειν
406 2567 665 2621 ἐκδοῦναι
711 2566 835 2638 περὶ
882 2577 992 2620 τῶν
1037 2571 1263 2637 πληγῶν
1309 2570 1533 2637 παῖδας,
1589 2568 1830 2637 ὀνόματα

144 2657 462 2727 γράψαντες.
537 2654 628 2708 καὶ
678 2664 784 2709 νῦν
838 2652 988 2724 οἶμαι
1042 2655 1167 2726 περὶ
1220 2654 1366 2710 τοῦτ’
1425 2659 1649 2709 ἔσεσθαι
1702 2659 1833 2718 τοὺς

144 2747 381 2807 πολλοὺς
417 2753 526 2797 τῶν
565 2746 745 2811 λόγων
786 2744 988 2806 αὐτοῖς.
1051 2744 1156 2812 ἐγὼ
1191 2741 1240 2797 δ’
1280 2741 1430 2813 οἶμαι
1471 2746 1589 2797 δεῖν
1627 2744 1833 2806 πάντας

143 2832 284 2901 ὑμᾶς
323 2831 499 2886 ἐκεῖνο
541 2841 791 2900 σκοπεῖν,
841 2832 922 2884 ὅτι
964 2828 1142 2901 οὗτοι,
1188 2835 1239 2885 εἰ
1281 2841 1380 2886 τοῦ
1425 2830 1685 2901 γενέσθαι
1731 2833 1832 2899 τὴν

146 2919 390 2984 βάσανον
441 2918 600 2974 ἕνεκα
657 2919 1074 2987 προύκαλοῦντο
1132 2919 1461 2973 κάπίστευον
1510 2927 1582 2990 τῷ
1637 2921 1830 2989 δικαίῳ
