2035 3158
178 120 284 174 138
638 121 844 165 nvm
882 119 1391 180 [mozonem]

104 267 149 300 π
173 251 375 323 πρᾶγμ’
422 253 556 308 ὅλον
593 255 782 317 ἄδικός
821 253 970 307 ἐστιν
1009 255 1318 322 ἄνθρωπος.
1380 257 1625 308 πλεῖστοι
1664 252 1716 309 δ’
1759 254 1857 309 αὖ·

174 349 275 395 τοῦ
320 340 585 410 ἀκηκόασι
632 340 913 410 λέγοντος,
967 341 1028 394 οἰ
1066 338 1168 410 μὲν
1213 341 1298 395 ὅτι
1344 342 1405 396 τὸ
1450 342 1709 411 παράπαν
1753 341 1856 396 οὐκ

176 431 335 497 ἔλαβε
374 430 436 482 τὸ
469 428 737 498 ἀργύριον
768 429 914 497 παρὰ
945 430 1300 494 τάνθρώπου·
1342 429 1564 483 ἐπειδὰν
1604 427 1665 483 δὲ
1703 425 1848 483 τοῦτ’

176 515 541 586 ἐξελέγχηται,
580 517 746 569 πάλιν
785 515 930 585 λέγει
977 515 1061 569 ὅτι
1106 518 1251 584 παρὰ
1290 525 1390 570 τοῦ
1428 516 1600 570 αὑτοῦ
1636 516 1856 585 ἀνθρώ-

174 621 283 657 που
338 607 446 674 ἔχει
500 606 561 658 τὸ
608 603 894 672 ἀργύριον,
941 602 1030 656 καὶ
1084 604 1151 657 οὐ
1204 605 1502 674 μεταδώσει
1556 603 1677 674 ἐμοὶ
1729 605 1853 658 οὔτε

176 699 276 745 τοῦ
305 691 593 761 ,ἀργυρίου
643 693 768 745 οὔτε
820 702 929 745 τῶν
971 693 1154 745 ἄλλων
1203 692 1432 756 οὐδενὸς
1481 687 1559 745 ὧν
1608 691 1855 745 κατέλιπε

109 793 151 824 ³8
181 781 397 847 Κόμων.
472 779 693 833 ἐπειδὰν
745 778 810 832 δέ
855 800 935 842 τις
993 779 1161 833 αὐτὸν
1217 789 1328 834 τῶν
1379 780 1698 850 ἐπιτηδείων
1744 789 1856 833 τῶν

175 870 374 920 τούτου
429 866 518 920 καὶ
571 877 680 920 τῶν
736 867 882 935 ἐμῶν
936 866 1138 939 ἐρωτᾷ,
1193 869 1285 921 διὰ
1338 872 1395 921 τί
1437 868 1537 922 οὐκ
1583 868 1856 922 ἀποδώσει

176 954 473 1023 ὀμωμοκὼς
531 957 906 1024 ἰσομοιρήσειν
968 953 1057 1008 καὶ
1118 965 1227 1008 τῶν
1282 962 1579 1024 συνθηκῶν
1634 958 1713 1009 ἔτι
1766 953 1857 1009 καὶ

175 1042 305 1095 νυνὶ
346 1042 632 1112 κειμένων,
672 1046 813 1112 φησί
845 1062 910 1112 με
950 1043 1385 1113 παραβεβηκέναι
1424 1044 1517 1107 τὰς
1556 1044 1858 1113 συνθήκας,

176 1129 265 1182 καὶ
323 1131 477 1183 δεινὰ
530 1129 868 1184 πεπονθέναι
922 1128 1014 1184 ὑπ’
1076 1131 1234 1200 ἐμοῦ,
1288 1129 1378 1185 καὶ
1434 1130 1738 1185 διατελέσαι
1790 1130 1861 1201 με’

175 1232 345 1286 φησιν
395 1218 694 1272 ὑπεναντία
746 1217 836 1272 καὶ
892 1216 1120 1287 λέγοντα
1173 1217 1261 1272 καὶ
1312 1220 1616 1287 πράττοντα
1666 1217 1857 1292 ἑαυτῷ.

106 1303 264 1358 εθκαὶ
305 1305 338 1358 ἃ
376 1302 478 1374 μὲν
527 1309 946 1376 προφασίζεται,
996 1305 1143 1360 ταῦτ’
1198 1310 1362 1359 ἐστιν.
1424 1307 1457 1360 ἃ
1508 1304 1609 1376 μὲν
1660 1303 1763 1361 οὖν
1813 1302 2035 1379 ὦιγιο,

175 1395 373 1461 ἔένδρες
423 1394 670 1447 δικασταὶ
724 1391 883 1458 οὗτος
934 1392 1108 1463 λέγει,
1164 1395 1419 1448 ὑπόνοιαι
1468 1399 1707 1449 πλασταί
1751 1397 1857 1449 εἰσι
2001 1383 2035 1472 ,Ξ

175 1480 265 1534 καὶ
303 1482 602 1551 προφάσεις
641 1483 820 1535 ἄδικοι
859 1480 943 1536 καὶ
987 1486 1271 1552 πονηρίαι,
1323 1481 1410 1536 ἐπὶ
1449 1490 1522 1554 τῷ
1562 1483 1857 1553 ἀποστερῆ-

178 1585 268 1622 σαι
307 1569 341 1623 ἃ
378 1573 640 1639 προσήκει
681 1570 848 1624 αὐτὸν
889 1570 1196 1624 ἀποδοῦναι
1238 1570 1371 1639 ἐμοί.
1434 1571 1467 1624 ἃ
1508 1569 1558 1624 δ’
1604 1571 1709 1639 ἐγὼ
1752 1571 1855 1640 ἐρῶ

174 1659 311 1727 πρὸς
348 1658 506 1727 ὑμᾶς,
545 1658 629 1710 ὅτι
668 1654 829 1721 οὗτος
860 1659 1139 1726 ψεύδεται,
1178 1667 1345 1712 ταῦτα
1386 1656 1445 1712 δὲ
1486 1659 1719 1712 ὑπόνοια
1757 1655 1858 1728 μὲν

176 1746 406 1815 οὐδεμία
447 1749 619 1814 ἔσται,
659 1756 908 1815 φανερῶς
948 1745 997 1799 δ’
1045 1746 1293 1810 ἐπιδείξω
1333 1748 1431 1815 τὴν
1469 1748 1666 1800 τούτου
1706 1746 1858 1800 ἀναι-

176 1838 459 1903 σχυντίαν,
499 1836 758 1902 τεκμήρια
798 1832 973 1902 λέγων
1012 1834 1254 1902 ἀληθινὰ
1293 1834 1381 1887 καὶ
1423 1843 1553 1887 πᾶσι
1593 1836 1859 1906 γνώριμα,

111 1939 153 1970 ω
177 1920 267 1974 καὶ
305 1923 582 1990 μάρτυρας
613 1924 982 1991 παρεχόμενος
1013 1921 1135 1988 περὶ
1168 1921 1439 1975 ἁπάντων.
1500 1932 1719 1991 πρῶτον
1757 1919 1858 1991 μὲν

176 2006 280 2064 οὖν
334 2007 376 2064 ὦ
432 2011 628 2079 ἄνδρες
684 2008 931 2062 δικασταὶ
987 2009 1151 2078 λέγω,
1205 2011 1288 2063 ὅτι
1343 2007 1502 2074 οὗτος
1556 2012 1647 2064 διὰ
1696 2019 1858 2064 τοῦτο

176 2107 290 2160 τοῖς
328 2100 548 2160 οἰκείοις
586 2096 675 2150 καὶ
715 2107 828 2159 τοῖς
869 2097 1192 2166 ἐπιτηδείοις
1230 2108 1343 2161 τοῖς
1383 2097 1580 2152 ἑαυτοῦ
1620 2096 1708 2151 καὶ
1747 2108 1861 2162 τοῖς

178 2186 348 2255 ἐμοῖς,
387 2195 499 2249 τοῖς
537 2187 749 2238 εἰδόσιν
781 2185 1015 2253 ἀκριβῶς
1047 2185 1246 2238 ἕκαστα
1277 2195 1445 2240 ταῦτα
1476 2187 1542 2239 τὰ
1573 2186 1859 2254 πράγματα

178 2275 252 2337 ὡς
292 2277 400 2343 ἔχει
438 2272 527 2326 καὶ
559 2276 1112 2342 παρηκολουθηκόσιν
1146 2273 1197 2338 ἐξ
1233 2273 1416 2349 ἀρχῆς,
1455 2274 1555 2327 οὐκ
1587 2273 1860 2342 ἠθέλησεν

180 2360 482 2430 ἐπιτρέψαι·
535 2361 772 2430 ἀκριβῶς
831 2362 933 2430 γὰρ
993 2360 1113 2432 ’ᾔδει
1169 2362 1253 2415 ὅτι
1313 2362 1485 2424 εὐθὺς
1533 2370 1859 2433 παραχρῆμα

179 2448 270 2503 ὑπ’
317 2450 498 2503 αὐτῶν
539 2449 1010 2519 ἐξελεγχθήσεται,
1059 2450 1154 2503 ε’ἀν
1202 2471 1254 2503 τι
1299 2451 1588 2519 ψεύδηται·
1634 2449 1760 2503 νυνὶ
1802 2449 1852 2503 δ’

115 2554 152 2586 u
182 2544 310 2600 ἴσως
348 2538 556 2606 ἡγεῖται
597 2539 935 2606 ψευδόμενος
976 2538 1034 2590 ἐν
1073 2538 1206 2606 ὑμῖν
1247 2541 1449 2607 λήσειν.
1514 2538 1680 2590 πάλιν
1718 2537 1857 2606 λέγω

179 2626 263 2678 ὅτι
304 2625 404 2678 οὐκ
442 2624 757 2678 ἀκόλουθόν
792 2625 958 2693 ἐστιν,
999 2626 1295 2679 ὑπεναντία
1334 2622 1435 2694 μὲν
1477 2626 1732 2694 πράττειν
1772 2642 1859 2680 σοι

177 2709 223 2765 ὦ
266 2710 672 2782 Ὀλυμπιόδωρε
729 2711 846 2781 ἐμέ,
904 2721 1059 2783 κοινῇ
1109 2711 1158 2766 δ’
1212 2713 1527 2766 ἀναλίσκειν
1579 2715 1711 2782 μετὰ
1758 2723 1859 2768 σοῦ

180 2803 260 2863 εἰς
309 2800 338 2853 ὅ
389 2821 440 2853 τι
491 2799 573 2853 ἀεὶ
626 2800 771 2868 δέοι,
829 2799 948 2854 οὐδ’
1009 2801 1247 2854 ἐκλιπεῖν
1304 2802 1404 2869 τὴν
1456 2800 1860 2870 ἀμφισβήτησιν

179 2890 351 2942 αὐτὸν
392 2887 603 2957 ἑκόντα,
643 2888 731 2942 ὅτε
764 2887 1056 2958 ἀπεδήμεις
1089 2890 1177 2957 σύ,
1216 2888 1403 2958 ἐπειδὴ
1442 2887 1531 2942 καὶ
1569 2889 1602 2959 ἡ
1643 2892 1711 2959 σὴ
1751 2891 1861 2943 διε-
