2035 3158
792 112 955 154 ΠΡΟΣ
991 113 1339 154 HOATKAEA.
1804 107 1909 160 167

232 245 488 316 πρέσβεις
525 246 677 316 ἄγων
716 246 808 299 διὰ
846 247 908 301 τὸ
948 245 1141 315 ἄριστά
1172 265 1266 315 μοι
1296 249 1455 298 πλεῖν
1487 244 1591 314 τὴν
1624 250 1786 311 ναῦν,
1824 241 1916 296 καὶ

234 331 466 388 ἐνθένδε
510 334 703 402 πάλιν,
749 331 1098 403 προσταχθέν
1145 352 1237 403 μοι
1284 332 1392 386 ὑπὸ
1432 341 1531 386 τοῦ
1581 334 1760 402 δήμου
1799 329 1916 393 Μέε

233 441 385 475 νωνα
422 423 520 475 τὸν
553 423 857 492 στρατηγὸν
896 423 1051 490 ἄγειν
1089 423 1167 484 εἰς
1195 419 1601 490 Ἑλλήσποντον
1640 417 1762 474 ἀντὶ
1802 418 1916 472 Αὐ-

232 496 492 572 τοκλέους
530 507 1143 580 ἀποχειροτονηθέντος,
1182 507 1404 580 ᾠχόμην
1446 507 1784 578 ἀναγόμενος
1823 508 1914 582 δια

233 597 447 667 τάχους.
494 596 586 650 καὶ
618 595 739 650 ἀντὶ
766 606 875 652 τῶν
901 597 1285 651 ἀπολιπόντων
1316 594 1418 666 μὲν
1449 606 1669 650 ναυτῶν
1702 594 1919 665 ἑτέρους

232 683 626 754 ἐμισθωσάμην
679 685 912 753 ναύτας,
968 685 1200 752 δωρειὰς
1245 682 1335 738 καὶ
1389 686 1680 754 προδόσεις
1730 683 1917 746 αὐτοῖς

205 773 366 835 ’δοὺς
403 772 657 841 μεγάλας,
697 782 809 835 τοῖς
848 769 908 826 δὲ
948 776 1311 843 παραμείνασι
1336 783 1462 849 ,τῶν
1500 771 1744 843 ἀρχαίων
1781 792 1914 825 ναυ-

231 869 343 913 τῶν
396 859 573 913 ἔδωκά
626 879 677 913 τι
733 863 808 923 είς
855 862 1128 929 διοίκησιν
1173 870 1283 913 τῶν
1331 862 1549 914 οἰκείων
1594 864 1913 914 καταλιπεῖν

166 949 367 1018 ωπρὸς
416 941 460 1020 ᾧ
507 949 778 1018 πρότερον
824 945 1008 1019 εἶχον,
1063 948 1163 1002 οὐκ
1209 947 1430 1017 ἀγνοῶν
1475 950 1577 1018 τὴν
1625 956 1912 1018 παροῦσαν

230 1039 438 1106 χρειάν,
477 1036 551 1099 ὡς
587 1035 855 1105 ἀναγκαία
897 1033 965 1105 ἦν
1006 1035 1241 1109 ἑκάστῳ,
1281 1036 1503 1107 ἀπορῶν
1543 1034 1593 1090 δ’
1640 1037 1802 1101 αὐτὸς
1840 1037 1913 1100 ὡς

229 1124 303 1193 μὰ
340 1125 440 1178 τὸν
486 1127 598 1178 Διά
630 1123 733 1192 ,καὶ
779 1127 877 1178 τὸν
919 1123 1161 1178 Ἀπόλλω
1215 1123 1399 1188 οὐδεὶς
1446 1124 1515 1178 ἄν
1552 1126 1912 1194 πιστεύσειεν,

231 1212 378 1275 ὅστις
407 1214 481 1282 μὴ
513 1212 736 1282 ἀληθῶς
765 1214 1220 1283 παρηκολούθηκε
1252 1222 1365 1276 τοῖς
1395 1213 1544 1283 ἐμοῖς
1581 1213 1912 1283 πράγμασιν.

227 1299 462 1364 ὑποθεὶς
508 1298 568 1355 δὲ
618 1303 679 1356 τὸ
730 1304 935 1372 χωρίον
975 1304 1311 1374 Θρασυλόχῳ
1359 1300 1450 1354 καὶ
1485 1300 1773 1375 Ἀρχένεῳ,
1819 1300 1908 1355 καὶ

230 1388 623 1457 δανεισάμενος
661 1389 953 1459 τριάκοντα
986 1397 1126 1458 μνᾶς
1157 1387 1282 1459 παρ’
1332 1389 1516 1443 αὐτῶν
1553 1388 1645 1444 καὶ
1685 1392 1914 1453 διαδοὺς

228 1487 342 1539 τοῖς
379 1477 622 1545 ναύταις,
662 1475 896 1549 ᾠχόμην,
923 1476 1292 1546 ἀναγόμενος,
1331 1478 1422 1531 ἵνα
1460 1475 1635 1547 μηδὲν
1673 1478 1912 1533 ἐλλείποι

228 1573 302 1636 τῷ
337 1565 523 1638 δήμῳ
577 1561 655 1619 ὧν
703 1563 1000 1635 προσέταξε
1054 1567 1115 1619 τὸ
1169 1563 1284 1619 κατ’
1347 1565 1453 1635 ἐμέ.
1529 1565 1619 1620 καὶ
1670 1567 1700 1620 ὁ
1741 1568 1913 1637 δῆμος
1962 1621 1966 1624 ,

228 1653 466 1717 ἀκούσας
518 1661 689 1707 ταῦτα
741 1650 977 1724 ἐπῄνεσέ
1022 1652 1083 1707 τέ
1131 1674 1225 1723 με,
1278 1652 1368 1707 καὶ
1419 1652 1506 1708 ἐπὶ
1557 1655 1785 1708 δεῖπνον
1834 1657 1913 1718 εἰς

229 1744 290 1796 τὸ
343 1736 676 1812 πρυτανεῖον
725 1741 995 1795 ἐκάλεσεν.
1071 1740 1161 1795 καὶ
1212 1742 1285 1805 ὡς
1331 1739 1482 1796 ταῦτ’
1527 1741 1710 1812 ἀληθῆ
1750 1741 1911 1811 λέγω,

228 1830 440 1885 τούτων
485 1829 618 1900 ὑμῖν
665 1828 1040 1898 ἀναγνώσεται
1086 1831 1187 1900 τὴν
1233 1832 1539 1901 μαρτυρίαν
1577 1828 1668 1884 καὶ
1707 1833 1768 1886 τὸ
1805 1834 1911 1902 ψή·

226 1932 403 1989 φισμα
441 1920 502 1973 τὸ
541 1925 641 1972 τοῦ
681 1919 875 1988 δήμου.

730 2080 1041 2122 MAPTTPIA.
1104 2080 1404 2122 ΨΗΦΙΣΜΑ.

162 2200 205 2233 u
334 2181 551 2252 Ἐπειδὴ
583 2185 775 2237 τοίνυν
807 2184 884 2247 εἰς
912 2180 1319 2252 Ἑλλήσποντον
1349 2185 1616 2253 ἤλθομεν,
1653 2182 1742 2237 καὶ
1783 2184 1812 2239 ὅ
1851 2205 1908 2239 τε

227 2274 426 2343 χρόνος
455 2269 771 2340 ἐξεληλύθει
804 2291 897 2341 μοι
928 2278 1022 2340 τῆς
1052 2274 1418 2342 τριηραρχίας,
1457 2271 1544 2325 καὶ,
1576 2275 1778 2342 μισθὸς
1808 2273 1910 2328 οὐκ

227 2359 476 2428 ἀπεδόθη
523 2369 638 2421 τοῖς
683 2359 1033 2427 στρατιώταις
1078 2357 1196 2413 ἀλλ’
1243 2358 1275 2428 ἢ
1325 2361 1486 2414 δυοῖν
1524 2371 1750 2431 μηνοῖν,
1799 2360 1909 2415 ἔτε-

228 2450 324 2518 ρός
359 2467 417 2501 τε
451 2448 747 2517 στρατηγὸς
788 2442 879 2515 ἧκε
924 2449 1248 2518 Τιμόμαχος,
1286 2446 1376 2501 καὶ
1416 2444 1576 2512 οὗτος
1615 2450 1909 2520 διαδόχους

228 2535 331 2589 οὐκ
369 2536 519 2604 ἄγων
559 2534 644 2589 ἐπὶ
684 2536 778 2598 τὰς
816 2544 981 2605 ναῦς,
1019 2535 1403 2605 ἀθυμήσαντές
1441 2556 1534 2606 μοι
1574 2536 1768 2591 πολλοὶ
1807 2547 1907 2593 τοῦ
1924 2557 2031 2596 1211

226 2625 585 2693 πληρώματος
625 2622 830 2695 ᾤχοντο
863 2623 1222 2687 ἀπολιπόντες
1261 2626 1361 2694 τὴν
1399 2633 1560 2693 ναῦν,
1599 2626 1658 2680 οῖ
1690 2623 1792 2695 μὲν
1830 2627 1908 2690 είς

228 2711 328 2780 τὴν
365 2712 595 2781 ἤπειρον
629 2714 1103 2781 στρατευσόμενοι,
1143 2712 1202 2766 οἱ
1236 2710 1284 2765 δ’
1324 2715 1401 2775 εἰς
1431 2713 1524 2776 τὰς
1556 2715 1778 2767 Θασίων
1815 2712 1906 2767 καὶ

226 2801 577 2870 Μαρωνιτῶν
607 2808 760 2868 ναῦς,
799 2805 983 2873 μισθῷ
1015 2801 1231 2874 μεγάλῳ
1263 2800 1580 2864 πεισθέντες
1610 2801 1698 2854 καὶ
1738 2801 1905 2872 ἀργύ-

164 2901 206 2935 15
230 2905 355 2954 ριον
392 2889 534 2941 πολὺ
574 2890 962 2957 προλαβόντες,
1001 2887 1089 2941 καὶ
1130 2889 1194 2941 τὰ
1233 2885 1333 2958 μὲν
1370 2886 1496 2960 παρ’
1544 2888 1678 2959 ἐμοῦ
1718 2889 1904 2958 ἐξανη-
