2035 3158
754 131 917 173 ΠΡΟΣ
948 131 1280 174 ΤΙΜΟΘΕΟΝ.
1754 127 1861 180 159

177 283 346 333 ματος
389 265 487 319 τὸν
534 265 757 333 ἔλεγχον
803 262 960 332 ἠξίου
1008 260 1300 332 γενέσθαι,
1345 262 1719 333 φοβούμενος,
1766 259 1867 315 ἐὰν

179 348 282 420 μὲν
331 354 637 422 μαρτυρίαν
686 351 1024 421 παράσχηται
1080 351 1153 414 ὡς
1204 350 1501 419 ἐλευθέρου
1552 351 1739 415 ὄντος,
1788 349 1867 417 μὴ

181 441 617 510 ἐπισκηψάμενος
657 439 762 506 ἐγὼ
795 448 904 492 τῶν
937 439 1428 509 ψευδομαρτυριῶν
1460 436 1549 491 καὶ
1589 435 1869 505 ἐξελέγξας

180 528 244 580 τὰ
292 529 469 596 ψευδῆ
520 529 969 596 μεμαρτυρηκότα
1018 528 1115 580 τὸν
1168 529 1515 597 Αἰσχρίωνα,
1565 523 1652 578 ἐπὶ
1702 525 1863 577 τόνδε

179 624 288 668 τῶν
315 623 681 684 κακοτεχνιῶν
703 608 920 683 ἔλθοιμι
944 615 1077 667 κατὰ
1108 617 1204 668 τὸν
1223 617 1418 684 νόμον,
1438 616 1489 667 εἰ
1519 612 1567 667 δ’
1599 609 1670 666 αὖ
1694 616 1859 682 βασα-

178 705 348 768 νίζειν
379 703 670 771 παραδοίη,
703 702 774 770 μὴ
809 702 903 763 τὰς
933 700 1195 770 ἀληθείας
1227 705 1469 754 κατείποι
1502 700 1531 755 ὁ
1564 703 1864 771 Αἰσχρίων.

114 806 154 836 ὁῖ
179 792 356 843 καίτοι
402 791 572 842 καλὸν
618 785 688 857 ἦν
735 788 910 860 αὐτῷ,
956 791 1007 842 εἰ
1052 799 1160 842 τῶν
1208 790 1391 842 ἄλλων
1431 789 1726 859 λημμάτων
1763 797 1865 842 τοῦ

177 876 448 947 ἀργυρίου
502 877 778 946 μάρτυρας
832 878 904 945 μὴ
960 873 1067 946 εἶχε
1122 875 1532 947 παρασχέσθαι,
1584 879 1747 932 τοῦτό
1800 876 1853 946 γ’

179 964 448 1033 ἐξελέγξαι
495 963 554 1018 ἐκ
601 973 699 1018 τοῦ
747 967 1118 1034 Αἰσχρίωνος,
1167 966 1239 1028 ὡς
1286 965 1386 1018 οὐκ
1435 965 1759 1035 ἐλήφθησαν
1805 966 1872 1020 αἶ

177 1054 369 1123 φιάλαι
419 1050 539 1107 οὐδ’
596 1052 629 1121 ἡ
680 1061 789 1122 μνᾶ
839 1061 939 1106 τοῦ
990 1052 1289 1123 ἀργυρίου,
1343 1051 1466 1107 οὐδ’
1526 1053 1780 1124 ἐπέμφθη
1831 1055 1865 1109 ὁ·

177 1143 460 1212 Αἰσχρίων
509 1141 616 1213 ὑπὸ
667 1142 866 1194 τούτου
917 1141 989 1204 ὡς
1038 1142 1135 1194 τὸν
1185 1139 1389 1210 πατέρα
1427 1143 1524 1195 τὸν
1563 1141 1722 1211 ἐμόν,
1770 1142 1861 1196 καὶ

177 1233 447 1303 τεκμηρίῳ
497 1230 673 1301 τούτῳ
723 1232 1171 1299 καταχρήσασθαι
1221 1231 1357 1298 πρὸς
1405 1228 1574 1299 ὑμᾶς,
1624 1230 1707 1284 ὅτι
1755 1230 1862 1300 ἐγὼ

177 1315 267 1370 καὶ
317 1318 484 1369 τᾶλλα
533 1317 807 1385 ψεύδομαι
858 1315 981 1386 περὶ
1034 1311 1111 1369 ὧν
1153 1315 1363 1385 ἐγκαλῶ
1403 1317 1571 1390 αὐτῷ,
1619 1319 1760 1373 ὅπου
1799 1339 1859 1388 γε

178 1404 243 1458 ὃν
281 1425 421 1474 φημι
460 1407 649 1474 λαβεῖν
698 1402 913 1473 οἰκέτην
961 1406 1092 1457 ὄντα
1140 1406 1339 1458 τούτου
1387 1406 1481 1469 τὰς
1526 1406 1724 1475 φιάλας
1769 1405 1859 1460 καὶ

175 1493 277 1562 τὴν
314 1500 459 1562 μνᾶν
497 1500 596 1545 τοῦ
637 1491 924 1561 ἀργυριόυ,
964 1489 1125 1556 οὗτος
1163 1496 1588 1563 βασανιζόμενος
1628 1494 1694 1548 οὐ
1735 1498 1861 1565 φαί-

109 1595 327 1634 ὀὸνεται
367 1582 566 1649 λαβών.
636 1582 688 1633 εἰ
732 1584 921 1634 τοίνυν
967 1589 1128 1634 τοῦτο
1179 1584 1406 1651 ἰσχυρὸν
1452 1578 1522 1651 ἦν
1569 1582 1637 1636 ἄν
1684 1585 1860 1657 τούτῳ

176 1670 313 1738 πρὸς
349 1668 491 1743 ὑμᾶς
529 1670 838 1737 τεκμήριον,
878 1669 959 1721 ὅτι
1001 1668 1249 1732 ἐξεδίδου
1288 1672 1384 1724 τὸν
1417 1672 1755 1741 Αἰσχρίωνα,
1793 1671 1860 1726 ὃν

176 1758 505 1826 πεμφθῆναί
548 1777 686 1826 φημι
736 1757 843 1810 ὑπὸ
895 1758 1092 1811 τούτου
1140 1756 1229 1810 καὶ
1280 1762 1469 1827 λαβεῖν
1518 1760 1613 1822 τὰς
1661 1760 1861 1829 φιάλας

178 1845 323 1915 παρὰ
354 1853 453 1898 τοῦ
483 1847 686 1913 πατρὸς
725 1853 822 1898 τοῦ
863 1844 997 1913 ἐμοῦ
1035 1843 1123 1898 καὶ
1157 1847 1255 1914 τὴν
1287 1854 1431 1914 μνᾶν
1463 1854 1561 1900 τοῦ
1593 1846 1859 1918 ἀργυρίου

179 1934 560 2000 δανείσασθαι,
598 1931 761 2001 κάμοὶ
795 1932 1041 2001 γενέσθω
1074 1937 1367 2003 τεκμήριον
1406 1937 1541 2004 πρὸς
1578 1934 1737 2004 ὑμᾶς,
1777 1936 1860 1989 ὅτι

179 2022 445 2087 συνειδώς
482 2040 545 2090 με
586 2020 766 2090 ἀληθῆ
809 2021 1143 2088 ἐγκαλοῦντα
1183 2023 1250 2076 οὐ
1288 2028 1459 2094 τολμᾷ
1498 2026 1595 2077 τὸν
1635 2025 1859 2094 Αἰσχρί-

179 2129 292 2162 ωνα
330 2110 690 2177 παραδοῦναι.

109 2211 154 2244 ⁶9
283 2194 609 2265 Ἀπολογίαν
644 2200 836 2250 τοίνυν
867 2199 1169 2266 ποιήσεται,
1210 2198 1292 2252 ὅτι
1333 2198 1392 2251 ἐν
1431 2207 1545 2262 τοῖς
1582 2200 1862 2271 γράμμασι

178 2293 292 2347 τοῖς
338 2287 724 2353 τραπεζιτικοῖς
773 2282 853 2338 ἐπ’
902 2283 1292 2349 Ἀλκισθένους
1346 2287 1611 2356 ἄρχοντος
1656 2284 1726 2357 ἦν
1772 2309 1859 2357 γε-

179 2370 486 2441 γραμμένος
524 2374 584 2426 τό
624 2392 680 2425 τε
720 2377 928 2426 ναῦλον
974 2383 1081 2426 τῶν
1130 2373 1309 2437 ξύλων
1357 2376 1593 2444 εἰληφὼς
1630 2375 1719 2430 καὶ
1758 2378 1858 2446 τὴν

179 2461 341 2529 τιμὴν
387 2470 497 2513 τῶν
544 2464 786 2530 φιαλῶν,
831 2460 860 2514 ὃ
901 2460 1144 2515 ἀπέτεισε
1192 2462 1520 2531 Τιμοσθένει
1558 2461 1696 2535 ὑπὲρ
1737 2467 1858 2519 τού-

178 2566 277 2601 του
317 2547 347 2602 ὀ
386 2550 588 2617 πατήρ,
639 2547 728 2601 καὶ
779 2549 860 2602 ὅτι
908 2549 1070 2612 αὐτὸς
1110 2550 1169 2603 ἐν
1209 2552 1383 2625 τούτῳ
1423 2559 1496 2624 τῷ
1538 2555 1718 2626 χρόνῳ
1758 2554 1992 2608 οὐκιὲτνὶ

181 2635 453 2705 ἐπεδήμει,
491 2636 629 2690 ἀλλὰ
667 2639 811 2707 παρὰ
851 2641 1069 2706 βασιλεῖ
1103 2635 1187 2707 ἦν.
1252 2638 1375 2709 περὶ
1417 2641 1484 2709 δὴ
1524 2643 1724 2695 τούτου
1765 2656 1858 2695 σα-

180 2731 298 2790 φῶς
345 2723 486 2792 ὑμᾶς
534 2726 803 2794 βούλομαι
856 2726 1101 2793 διδάξαι,
1149 2725 1221 2780 ἵν’
1279 2726 1515 2797 ἀκριβῶς
1564 2730 1741 2798 εἰδῆτε
1793 2730 1858 2784 ὃν

113 2825 156 2857 60
179 2813 386 2880 τρόπον
425 2814 532 2882 ἔχει
571 2815 634 2866 τὰ
675 2814 958 2882 γράμματα
991 2815 1054 2867 τὰ
1088 2813 1192 2868 ἀπὸ
1233 2824 1324 2884 τῆς
1364 2815 1635 2886 τραπέζης.
1699 2814 1859 2881 οὗτος

181 2898 284 2969 γὰρ
325 2897 385 2952 ἐν
423 2896 522 2968 μὲν
568 2907 641 2971 τῷ
689 2905 1031 2970 θαργηλιῶνι
1081 2901 1210 2971 μηνὶ
1259 2902 1338 2956 ἐπ’
1381 2901 1621 2957 Ἀστείου
1661 2906 1860 2976 ἄρχον-
