2035 3158
104 1200 143 1231 33

99 2339 140 2371 84

170 175 195 225 1
209 177 233 225 1
244 175 276 224 2
640 178 817 218 van.
866 175 1216 233 [ΔΗΜΟΣΘΕΝ
1224 176 1369 234 οΤΣ]

166 308 254 360 ὅτε
287 308 799 377 παρελάμβανε,τὴν
831 311 1198 378 τριηραρχίαν.
1258 317 1365 363 νῦν
1397 308 1462 363 δέ
1488 324 1623 379 φησι
1658 312 1843 378 Δημο-

167 395 321 464 χάρει
374 397 744 463 παραδοῦναι,
810 395 898 448 καὶ
955 397 1222 460 δικάζεται
1276 407 1387 460 τοῖς
1441 399 1679 459 παιδίοις
1731 407 1845 458 τοῖς

170 483 533 552 Δημοχάρους
580 485 1019 551 τετελευτηκότος
1065 491 1163 535 τοῦ
1209 485 1607 553 Δημοχάρους.’
1657 485 1745 537 ὅτε
1786 482 1835 536 δ’

169 571 255 637 ἔζη
296 569 325 622 ὃ
365 571 721 639 Δημοχάρης,
762 570 862 623 οὐκ
900 569 1250 639 ἀπεγράψατο
1289 574 1424 640 πρὸς
1463 572 1630 626 αὐτὸν
1669 573 1845 624 διαδι-

167 659 363 709 κασίαν
389 657 418 711 ὁ
445 661 750 726 Θεόφημος,
783 660 1238 726 εἰσπραττόμενος
1268 657 1358 711 ὑπ’
1400 659 1533 728 ἐμοῦ
1564 660 1628 712 τὰ
1660 662 1845 728 σκεύη,

168 741 286 794 ἀλλ’
323 743 588 811 ἠβούλετο
630 744 714 796 ἐπὶ
754 745 1026 813 προφάσει
1066 747 1270 814 χρόνον
1310 746 1676 815 ἐγγενομένου
1712 747 1844 801 ἀπο-

168 839 422 898 στερῆσαι
475 832 574 899 τὴν
628 835 790 884 πόλιν
844 833 909 884 τὰ
964 834 1144 901 σκεύη.
1220 833 1293 896 ὡς
1346 832 1395 886 δ’
1450 833 1629 903 ἀληθῆ
1685 833 1845 903 λέγω,

168 915 539 985 ἀναγνώσεται
579 921 671 982 τὰς
710 923 1019 989 μαρτυρίας.

833 1082 878 1121 Μ
883 1081 1171 1124 ΑΡΤΤΡΙΑΙ.

288 1184 468 1236 Ταῦτα
506 1187 697 1236 τοίνυν
738 1183 842 1251 ἐγὼ
876 1185 1052 1236 πάντα
1093 1184 1524 1254 ἐνθυμούμενος,
1561 1184 1652 1238 καὶ
1684 1186 1844 1239 ἀκού-

169 1289 247 1321 ων
293 1271 390 1323 τὸν
438 1274 732 1340 Θεόφημον
787 1281 896 1324 τῶν
943 1276 1388 1340 πεπλησιακότων
1435 1267 1549 1336 οἷος
1594 1279 1675 1342 εἰη
1721 1272 1842 1339 περὶ

166 1357 231 1408 τὰ
271 1358 530 1425 διάφορα,
570 1357 658 1411 καὶ
695 1359 793 1412 οὐκ
833 1358 1238 1428 ἀπολαμβάνων
1277 1361 1340 1413 τὰ
1381 1361 1545 1429 σκεύη
1584 1359 1710 1430 παρ’
1749 1362 1844 1414 αὐ-

166 1453 286 1513 τοῦ,
323 1444 587 1516 προσῄειν
627 1450 761 1515 πρός
800 1467 855 1500 τε
907 1451 1033 1509 τοὺς
1080 1447 1410 1512 ἀποστολέας
1449 1448 1536 1501 καὶ
1576 1450 1676 1517 τὴν
1713 1452 1843 1518 βου-

167 1535 271 1600 λήν
313 1533 424 1595 {aaz
463 1537 559 1588 τὸν
607 1536 838 1603 drumm,
889 1535 1063 1603 λέγων
1115 1537 1197 1589 ὅτι
1250 1537 1348 1590 οὐκ
1399 1536 1708 1590 ἀποδίδωσί
1751 1557 1844 1606 μοι

165 1621 231 1672 τὰ
282 1623 447 1691 σκεύη
499 1623 527 1676 ὁ
582 1626 896 1693 Θεόφημος,
949 1625 981 1676 ἃ
1033 1620 1215 1693 ὦφλεν
1267 1625 1327 1678 ἐν
1377 1632 1450 1697 τῷ
1500 1626 1842 1697 δικαστηρίω.

164 1716 451 1779 προσῇσαν
492 1707 552 1763 δὲ
592 1709 681 1763 καὶ
722 1712 778 1764 οἵ
814 1713 971 1764 ἄλλοι
1011 1714 1329 1782 τριήραρχοι
1369 1720 1434 1783 τῇ
1482 1715 1676 1783 βουλῇ,
1722 1712 1843 1764 ὅσοι

166 1798 239 1865 μὴ
292 1798 716 1874 παρελάμβανον
777 1801 921 1868 παρὰ
983 1810 1092 1853 τῶν
1155 1801 1494 1869 ὀφειλόντων
1546 1801 1610 1852 τὰ
1661 1801 1842 1867 σκεύη.

165 1883 255 1937 καὶ
316 1890 536 1939 πολλῶν
598 1889 778 1954 λόγων
841 1886 1153 1956 γενομένων
1216 1887 1559 1957 ἀποκρίνεται
1625 1887 1757 1955 ἡμῖν
1810 1887 1842 1954 ἡ

165 1974 338 2041 βουλὴ
380 1977 704 2042 ψηφισματι,
745 1974 773 2027 ὃ
815 1974 1188 2043 ἀναγνώσεται
1227 1976 1387 2044 ὑμῖν,
1425 1975 1842 2043 είσπράττεσθει

165 2063 346 2133 τρόπω
387 2056 428 2113 ὦ
470 2061 539 2114 ἂν
578 2063 890 2130 δυνώμεθα.

847 2224 1149 2266 ΨΗΦΙΣΜΑ.

278 2325 591 2394 Γενομένου
638 2330 829 2379 τοίνυν
883 2335 982 2379 τοῦ
1035 2330 1381 2396 ψηφίσματος
1427 2326 1625 2379 τούτου
1672 2325 1733 2379 ἐν
1777 2334 1843 2396 τῇ

163 2417 359 2482 βουλῇ,
397 2412 486 2466 καὶ
526 2415 754 2477 οὐδενὸς
793 2413 1144 2483 γραφομένου
1183 2416 1537 2482 παρανόμων,
1576 2413 1712 2466 ἀλλὰ
1749 2434 1843 2466 κυ-

163 2504 289 2569 ρίου
345 2503 529 2570 ὄντος,
582 2504 910 2570 προσελθὼν
966 2502 1190 2575 Εὐέργῳ
1245 2501 1442 2574 τουτῳὶ
1495 2510 1567 2573 τῷ
1623 2501 1840 2571 ἀδελφῷ

163 2597 263 2642 τοῦ
304 2592 628 2658 Θεοφήμου,
677 2590 862 2658 ἐπειδὴ
910 2592 1007 2643 τὸν
1050 2593 1343 2659 Θεόφημον
1385 2590 1484 2659 οὐχ
1526 2583 1641 2651 οἶός
1678 2607 1733 2641 τε
1773 2586 1842 2657 ἧν

166 2677 331 2744 ἰδεῖν,
397 2681 535 2747 ἔχων
596 2679 657 2730 τὸ
720 2680 974 2747 ψήφισμα
1035 2689 1251 2747 πρῶτον
1314 2674 1413 2746 μὲν
1477 2675 1725 2747 ἀπῄτησα
1777 2678 1842 2730 τὰ

165 2765 329 2833 σκεύη
371 2764 459 2817 καὶ
496 2764 751 2818 ἐκέλευσα
784 2766 953 2819 αὐτὸν
985 2767 1191 2835 φράσαι
1223 2773 1296 2836 τῷ
1333 2767 1623 2837 Θεοφήμῳ,
1663 2768 1843 2818 ἔπειτα

165 2854 435 2904 διαλιπὼν
485 2852 686 2921 ἡμέρας
736 2854 917 2921 τινάς,
969 2854 1040 2916 ὡς
1090 2853 1189 2907 οὐκ
1240 2852 1503 2905 ἀπεδίδου
1554 2854 1617 2905 τὰ
1657 2854 1843 2920 σκεύη,

164 2936 284 2992 ἀλλ’
332 2939 584 3009 ἐχλεύαζέ
615 2960 698 3008 με,
737 2942 1069 3010 παραλαβὼν
1108 2942 1385 3010 μάρτυρας
1422 2941 1634 3009 ἠρόμην
1674 2942 1843 2993 αὐτὸν

1862 1086 1994 1147 114³,
