2035 3158
738 147 900 190 ΠΡΟΣ
931 145 1288 192 ΠΟΛΤΚΛΕΑ.
1751 147 1848 201 171

173 280 446 349 κηδεστὴν
483 274 581 334 τὸν
619 278 751 349 ε’μὸν
790 278 1146 350 προσέρχεται,
1190 281 1337 353 αὐτῷ
1379 281 1439 335 ἐν
1477 288 1551 355 τῷ
1593 283 1863 352 δείγματι,

173 366 264 426 καὶ
319 365 567 421 ἐκέλευεν
621 368 790 421 αὐτὸν
844 368 916 431 ὡς
967 369 1190 438 τάχιστα
1246 368 1332 423 ἐπὶ
1385 371 1486 439 τὴν
1532 377 1675 423 ναῦν
1705 369 1860 423 ,ἀπο-

173 459 362 525 πλεῖν,
416 456 490 519 ὡς
541 465 651 509 τῶν
699 455 1073 525 ἀναλωμάτων
1119 460 1340 511 πολλῶν
1386 459 1595 527 ὄντων,
1643 458 1674 511 ἃ
1725 457 1852 511 καθ’

173 542 383 614 ἡμέραν
423 542 654 613 ἑκάστην
693 546 829 613 πρὸς
865 553 939 616 τῷ
980 546 1126 615 παρὰ
1164 554 1263 599 τοῦ
1303 554 1610 615 στρατηγοῦ
1650 560 1859 615 σιτηρε-

108 644 152 678 25
178 634 279 704 σίῳ
318 633 397 695 εἰς
433 633 535 701 τὴν
572 640 714 685 ναῦν
754 632 1027 705 διδομένῳ
1068 632 1420 704 ἀνηλίσκετο,
1458 631 1584 687 καθ’
1633 633 1861 688 ἕκαστον

174 720 320 793 αὐτῷ
367 719 587 784 διεξιὼν
632 720 760 782 τούς
805 739 861 772 τε
909 723 1147 789 μισθοὺς
1194 724 1322 785 τοὺς
1360 729 1424 792 τῇ
1462 721 1734 793 ὑπηρεσίᾳ
1771 720 1860 775 καὶ

172 818 287 872 τοῖς
326 808 776 878 ἐπιβάταιςκατὰ
816 816 960 878 μῆνα
1001 799 1348 878 διδομένους,
1391 820 1506 873 τοῖς
1542 829 1597 863 τε
1639 811 1861 871 ναύταις

173 896 271 960 οὓς
324 896 487 960 αὐτὸς
541 895 600 950 ἐκ
653 903 747 964 τῆς
802 897 1110 966 Λαμψάκου
1166 897 1543 966 ἐμισθώσατο,
1604 895 1693 950 καὶ
1749 907 1863 959 τοῖς

170 984 405 1054 ὕστερον
452 984 750 1054 ἐπεμβᾶσιν
796 982 920 1038 ἀντὶ
967 983 1077 1038 τῶν
1128 985 1542 1054 ἀπολιπόντων,
1596 987 1674 1038 ἔτι
1722 982 1781 1039 δὲ
1831 984 1860 1037 ὃ

173 1083 284 1127 τῶν
345 1072 588 1143 ἀρχαίων
649 1082 867 1126 ναυτῶν
938 1072 1143 1147 ἑκάστῳ
1205 1073 1525 1144 προσέθηκα
1586 1072 1860 1142 δεηθέντι,

173 1160 366 1230 ἐπειδή
404 1181 497 1231 μοι
538 1160 567 1216 ὁ
607 1164 805 1231 χρόνος
836 1160 986 1229 ἐξῆκε
1027 1169 1120 1230 τῆς
1159 1165 1525 1232 τριηραρχίας,
1564 1159 1653 1215 καὶ
1691 1162 1860 1215 τᾶλλα

107 1262 138 1275 ’·
174 1249 275 1303 ὅσα
313 1245 384 1318 ἦν
421 1249 486 1302 τὰ
524 1247 651 1303 καθ’
691 1247 899 1319 ἡμέραν
932 1247 1163 1318 ἑκάστην
1202 1248 1606 1319 ἀναλισκόμενα
1645 1251 1723 1313 εἰς
1760 1251 1859 1318 τὴν

173 1346 345 1406 ναῦν,
391 1336 493 1391 οὐκ
539 1336 774 1409 ἀπείρως
820 1340 981 1408 ἔχων·
1031 1338 1121 1391 διὰ
1168 1338 1272 1408 γὰρ
1314 1337 1527 1392 ἐκείνου
1565 1356 1859 1407 πεντηκον-
1879 1358 1993 1398 1215

107 1438 151 1471 26
173 1433 506 1496 ταρχοῦντος
553 1424 643 1479 καὶ
698 1426 989 1496 ἠγοράζετο
1044 1424 1135 1480 καὶ
1183 1426 1521 1496 ἀνηλίσκετο.
1598 1425 1690 1480 καὶ
1735 1425 1858 1497 περὶ

173 1523 283 1567 τῶν
321 1523 535 1566 σκευῶν
574 1516 804 1584 ἔφραζεν
844 1514 1021 1587 αὐτῷ,
1067 1514 1149 1567 ὅτι
1193 1515 1305 1568 ἴδια
1346 1517 1521 1585 ἔχοιμι
1562 1512 1649 1568 καὶ
1693 1516 1859 1584 δημό-

174 1617 298 1657 σιον
338 1601 526 1656 οὐδέν·
576 1602 648 1665 ὡς
687 1598 816 1671 οὖν,
864 1605 994 1672 ἔφη,
1040 1602 1073 1671 ἢ
1111 1607 1317 1656 πείσων
1358 1603 1570 1657 ἐκεῖνον
1609 1604 1860 1671 διανοοῦ,

173 1690 206 1759 ἢ
246 1692 411 1760 σκεύη
436 1693 592 1761 Χἔχων
633 1698 812 1762 σαυτῷ
854 1690 1098 1744 ἀνάπλει.
1163 1687 1313 1760 οἶμαι
1355 1689 1420 1744 δέ
1455 1705 1562 1759 σοι,
1601 1694 1724 1762 ἔφη,
1763 1691 1860 1744 αὐ-

90 1789 104 1811 ”
173 1780 271 1832 τὸν
321 1774 488 1832 οὐδὲν
539 1779 873 1832 διοίσεσθαι·
927 1779 1134 1849 ὀφείλει
1186 1780 1290 1849 γὰρ
1342 1779 1610 1849 ἀργύριον
1650 1779 1789 1847 ἐκεῖ,
1830 1780 1858 1832 ὃ

177 1868 435 1920 διαλῦσαι
475 1870 804 1935 βουλήσεται
843 1866 902 1920 ἐκ
939 1875 1033 1935 τῆς
1071 1876 1226 1937 τιμῆς
1264 1877 1374 1920 τῶν
1415 1877 1643 1921 σκευῶν.
1698 1868 1859 1921 ἀκού-

176 1969 273 2018 σας
313 1951 362 2007 δ’
410 1951 572 2019 οὗτος
610 1964 779 2009 ταῦτα
825 1963 924 2008 τοῦ
963 1952 1008 2009 τ’
1055 1956 1411 2025 Εὐκτήμονος
1456 1954 1547 2009 καὶ
1592 1964 1691 2009 τοῦ
1732 1959 1860 2008 Δει-

173 2045 300 2097 νίου
332 2051 431 2096 τοῦ
461 2043 729 2112 κηδεστοῦ
753 2051 852 2097 τοῦ
877 2042 1030 2113 ἐμοῦ,
1068 2042 1192 2113 περὶ
1231 2040 1333 2113 μὲν
1365 2039 1443 2096 ὧν
1483 2046 1673 2112 ἔλεγον
1712 2044 1858 2116 αὐτῷ
1888 2032 1895 2037 ’

175 2126 343 2183 οὐδὲν
381 2130 568 2193 αὐτοῖς
606 2130 976 2201 ἀποκρίνεται,
1014 2132 1320 2200 γελάσαντα
1353 2129 1402 2184 δ’
1443 2134 1653 2201 ἔφασαν
1691 2131 1861 2185 αὐτὸν

176 2219 351 2271 εἰπεῖν
402 2218 551 2288 ράρτι
598 2227 703 2288 μῦς
746 2222 933 2288 πίττης
979 2221 1214 2288 γεύεται·
1263 2219 1520 2289 ἐβούλετο
1560 2221 1665 2290 γὰρ
1698 2217 1861 2290 Ἀθη-

111 2320 151 2353 27
178 2315 331 2369 ναῑος
370 2303 554 2360 εἶναι.’
630 2305 815 2376 ἐπειδὴ
862 2311 1054 2377 τοίνυν
1103 2317 1202 2362 τοῦ
1243 2309 1597 2377 Εὐκτήμονος
1634 2307 1724 2362 καὶ
1762 2318 1862 2363 τοῦ

178 2397 408 2447 Δεινίου
441 2393 677 2456 ἀκούσας
708 2392 873 2447 οὐδὲν
906 2395 1207 2464 ἐφρόντιζε,
1245 2396 1410 2449 πάλιν
1443 2396 1589 2469 αὐτῷ
1630 2395 1861 2466 προσέρ-

177 2501 367 2552 χονται
405 2481 639 2552 ὕστερον
671 2484 1019 2553 Πυθόδωρός
1057 2503 1112 2537 τε
1153 2484 1182 2538 ὁ
1218 2481 1510 2555 Ἀχαρνεὺς
1546 2483 1638 2539 καὶ
1672 2482 1862 2539 Ἀπολ-

180 2570 425 2639 λόδωρος
448 2569 478 2624 ὁ
505 2571 869 2639 Λευκονοεύς,
902 2571 1198 2641 ἐπιτήδειοι
1231 2573 1384 2635 ὄντες
1416 2570 1534 2642 ἐμοὶ
1567 2571 1657 2626 καὶ
1689 2577 1862 2643 φίλοι,

180 2655 270 2710 καὶ
311 2655 563 2711 ἐκέλευον
603 2657 770 2711 αὐτὸν
820 2658 914 2711 ε’πί
945 2679 1002 2712 τε
1049 2661 1149 2729 τὴν
1194 2668 1336 2714 ναῦν
1377 2659 1592 2713 ἀπιέναι
1631 2661 1705 2724 ὡς
1744 2663 1861 2715 διά-

182 2745 352 2814 δοχον
390 2746 550 2814 ὄντα,
589 2744 679 2799 καὶ
717 2745 842 2817 περὶ
880 2757 990 2801 τῶν
1030 2757 1241 2801 σκευῶν
1279 2750 1515 2818 ἔφραζον
1555 2749 1729 2821 αὐτῷ,
1777 2750 1860 2803 ὅτι

115 2847 157 2880 28
183 2833 296 2885 ἴδια
335 2834 511 2903 ἔχοιμι
557 2834 768 2887 ἅπαντα
815 2832 903 2888 καὶ
944 2837 1211 2904 δημόσιον
1257 2835 1447 2890 οὐδέν·
1503 2835 1582 2890 τεἰ
1616 2834 1718 2907 μὲν
1758 2834 1862 2892 οὖν

183 2919 410 2983 ἐκείνοις
449 2919 658 2984 ἐθέλεις
696 2928 952 2992 χρῆσθαι,
989 2924 1273 2977 κατάλιπε’
1315 2926 1525 2993 ἔφασαν
1565 2923 1859 2995 (ἀργύριον
