2035 3158
738 157 903 198 ΠΡΟΣ
936 156 1285 199 HOATKAEA.
1743 154 1835 207 181

162 285 368 342 ’κέσθαι
409 286 876 358 ὃεομένηαύτόν,
925 290 976 342 εἰ
1020 289 1092 358 μὴ
1139 297 1201 359 τῇ
1249 277 1457 359 τριήρει
1498 281 1619 342 οἷόν
1658 286 1704 341 τ’
1749 294 1846 354 εἴη.

106 390 147 421 61
174 375 206 443 ἡ
246 372 306 429 δὲ
345 377 511 445 γυνὴ,
549 375 618 444 ἣν
658 375 763 444 ἐγὼ
810 374 934 445 περὶ
978 380 1234 430 πλείστου
1273 384 1560 446 ποιοῦμαι,
1600 375 1845 438 ἀσθενῶς

173 461 402 517 διέκειτο
452 466 629 516 πολὺν
680 466 883 533 χρόνον
942 462 1000 517 ἐν
1050 471 1112 533 τῇ
1165 464 1263 533 ε’μῇ
1327 464 1622 536 ἀποδημίᾳ·
1673 465 1737 517 τὰ
1788 461 1849 517 δὲ

171 551 362 604 παιδία
419 551 610 619 μικρά,
665 551 697 619 ἡ
751 548 801 604 δ’
859 551 1017 604 οὐσία
1076 552 1374 622 ὑπόχρεως·
1435 551 1468 620 ἡ
1520 548 1580 605 δὲ
1630 559 1698 621 γῆ
1749 552 1848 621 οὐχ

172 638 318 700 ὅπως
357 640 477 691 τινὰ
517 640 725 708 καρπὸν
764 640 1013 707 ἤνεγκεν,
1051 638 1188 692 ἀλλά
1228 638 1318 692 καὶ
1349 642 1408 693 τὸ
1441 639 1592 707 ὕδωρ
1626 639 1684 693 ἐν
1718 639 1848 693 ἐκεί-

173 747 251 798 νῳ
290 734 364 798 τῷ
407 726 656 798 ἐνιαυτῷ,
696 727 768 789 ὡς
798 727 994 789 πάντες
1027 733 1158 796 ἴστε,
1199 728 1256 781 ἐκ
1294 737 1403 781 τῶν
1442 729 1694 798 φρεάτων
1734 727 1848 781 ἐπέ-

173 818 348 882 λιπεν,
397 815 531 867 ὥστε
581 811 717 883 μηδὲ
767 815 1005 884 λάχανον
1053 803 1316 883 γενέσθαί
1359 815 1419 869 έν
1466 823 1539 887 τςό
1580 818 1756 889 κήπῳ·
1798 816 1853 868 οἱ

172 888 643 965 δὲ’ὃεδανεικότες
684 899 816 970 ἧκον
850 902 934 955 ἐπὶ
967 905 1092 964 τοὺς
1123 907 1335 971 τόκους,
1375 903 1559 971 ἐπειδὴ
1601 904 1628 956 ὁ
1670 903 1847 957 ἐνιαυ-

171 992 262 1052 τὸς
300 989 549 1059 ἐξῆλθεν,
589 993 639 1043 εί
675 994 746 1060 μή
787 1012 866 1053 τις
906 989 1137 1059 ἀποδοίη
1186 991 1369 1054 αὐτοῖς
1417 993 1549 1044 κατὰ
1590 992 1681 1053 τὰς
1720 1006 1845 1059 συγ-

106 1097 149 1129 62
172 1079 399 1149 γραφάς.
462 1073 539 1131 ὧν
572 1077 843 1132 ἀκούοντι-ἓ
876 1099 939 1148 με
973 1077 1059 1131 καὶ
1099 1080 1244 1148 παρὰ
1284 1088 1391 1132 τῶν
1431 1078 1848 1149 ἀφικνουμένων

170 1169 346 1240 λόγῳ,
403 1167 467 1220 τὰ
520 1163 579 1219 δὲ
628 1165 717 1219 καὶ
771 1165 840 1219 δι’
901 1167 1200 1220 ἐπιστολῶν
1259 1168 1402 1236 παρὰ
1453 1177 1562 1220 τῶν
1614 1170 1849 1236 οἰκείων,

170 1258 293 1308 τίνα
331 1273 396 1324 με
435 1259 621 1308 οἴεσθε
660 1256 844 1325 ψυχὴν
883 1258 1054 1325 ἔχειν,
1101 1253 1134 1322 ἢ
1173 1257 1316 1308 πόσα
1356 1256 1566 1324 δάκρυα
1613 1254 1850 1325 ἀφιέναι,

170 1343 234 1395 τὰ
272 1339 374 1412 μὲν
413 1342 828 1411 ἐκλογιζόμενον
876 1341 999 1412 περὶ
1038 1352 1148 1395 τῶν
1187 1345 1502 1412 παρόντων,
1548 1344 1613 1397 τὰ
1661 1340 1720 1396 δὲ
1760 1342 1849 1396 καὶ

169 1436 455 1485 ποθοῦντα
506 1432 646 1483 ἰδεῖν
695 1432 885 1483 παιδία
936 1428 1025 1483 καὶ
1075 1440 1308 1498 γυναῖκα
1359 1430 1449 1484 καὶ
1499 1430 1732 1501 μητέρα,
1780 1431 1849 1500 ἣν

172 1519 276 1588 ἐγὼ
328 1518 395 1573 οὐ
443 1519 648 1581 πολλὰς
705 1518 926 1580 ἐλπίδας
982 1515 1130 1588 εἶχον
1193 1521 1365 1582 ζῶσαν
1416 1523 1847 1589 καταλήψεσθαι;

172 1603 250 1661 ὧν
280 1611 337 1661 τί
361 1607 521 1676 ἥδιόν
556 1606 703 1660 ἐστιν
735 1606 1033 1679 ἀνθρώπῳ,
1065 1605 1097 1675 ἢ
1130 1615 1227 1660 τοῦ
1260 1605 1398 1660 ἕνεκ’
1430 1608 1498 1661 ἄν
1531 1628 1610 1671 τις
1635 1608 1849 1672 εὔξαιτο

170 1697 380 1750 τούτων
419 1693 702 1765 στερηθεὶς
745 1697 862 1763 ζῆν;

105 1801 145 1832 ez,-
292 1785 569 1837 Τοιούτων
608 1786 798 1836 τοίνυν
846 1802 938 1852 μοι
986 1785 1409 1851 συμβεβηκότων
1456 1793 1565 1837 τῶν
1603 1785 1849 1855 πραγμά-

169 1892 299 1939 των,
339 1871 405 1925 οὐ
442 1870 566 1942 περὶ
604 1874 856 1933 πλειόνος
904 1870 1237 1940 ἐποιησάμην
1286 1872 1350 1924 τὰ
1390 1871 1625 1941 ἐμαυτοῦ
1666 1874 1779 1926 ἴδια
1816 1873 1849 1942 ἢ

171 1961 235 2013 τὰ
272 1958 525 2029 ὑμέτερα,
566 1958 682 2013 ἀλλ’
729 1959 979 2029 ἡγούμην
1028 1961 1146 2012 δεῖν
1193 1958 1282 2013 καὶ
1329 1961 1619 2030 χρημάτων
1665 1961 1851 2015 ἀναλι-

172 2046 452 2118 σκομένων
492 2051 750 2117 κρείττων
800 2043 941 2100 εἶναι
987 2045 1074 2100 καὶ
1124 2057 1232 2100 τῶν
1281 2053 1421 2101 οἴκοι
1461 2047 1850 2118 ἀμελουμένων

170 2135 261 2189 καὶ
300 2137 557 2204 γυναικὸς
594 2134 684 2188 καὶ
716 2138 917 2205 μητρὸς
948 2137 1238 2204 νοσούσης,
1278 2137 1412 2189 ὥστε
1453 2138 1583 2205 μήτε
1622 2138 1722 2205 τὴν
1760 2138 1850 2190 τά-

173 2226 258 2287 ξιν
306 2224 654 2277 αἰτιάσασθαι
706 2222 774 2291 μέ
819 2243 943 2276 τινα
993 2228 1171 2276 λιπεῖν
1223 2225 1353 2292 μήτε
1400 2224 1500 2292 τὴν
1546 2228 1738 2295 τριήρη
1785 2235 1847 2296 τῇ
1871 2242 1980 2281 1226

107 2328 147 2359 64
171 2313 325 2384 πόλει
358 2313 628 2382 ἄχρηστον
662 2309 936 2379 γενέσθαι.
992 2308 1120 2364 ἀνθ’
1161 2306 1238 2364 ὧν
1271 2310 1526 2365 ἁπάντων
1557 2321 1662 2367 νῦν
1693 2315 1849 2383 ὑμῶν

173 2399 382 2469 δέομαι,
422 2401 601 2468 ὥσπερ
642 2398 747 2467 ἐγὼ
787 2399 918 2467 ὑμῖν
951 2400 1211 2453 εὔτακτον
1251 2398 1340 2452 καὶ
1378 2403 1647 2471 χρήσιμον
1688 2402 1850 2471 ἐμαυ·

171 2491 268 2542 τὸν
304 2487 596 2559 παρέσχον,
636 2488 777 2540 οὕτω
818 2485 905 2539 καὶ
937 2487 1075 2555 ὑμᾶς
1106 2486 1233 2541 νυνὶ
1263 2486 1387 2558 περὶ
1419 2487 1554 2557 ἐμοῦ
1583 2492 1850 2559 πρόνοιαν

171 2575 590 2646 ποιησαμένους,
630 2574 720 2629 καὶ
753 2574 1203 2644 ἀναμνησθέντας
1235 2574 1490 2630 ἁπάντων
1523 2572 1600 2630 ὧν
1637 2596 1693 2630 τε
1734 2579 1849 2646 διη-

173 2663 422 2734 γησάμην
459 2666 595 2735 πρὸς
633 2664 800 2734 ὑμᾶς,
846 2672 954 2715 τῶν
1003 2683 1056 2716 τε
1108 2674 1422 2735 μαρτυριῶν
1470 2659 1547 2717 ὧν
1585 2669 1849 2736 παρεσχό-

173 2771 282 2821 μην
319 2751 409 2806 καὶ
447 2762 557 2806 τῶν
595 2751 978 2822 ψηφισμάτων,
1017 2754 1291 2820 βοηθῆσαι
1331 2749 1431 2821 μὲν
1472 2751 1590 2822 ἐμοὶ
1629 2752 1848 2806 ἀδικου-

174 2837 340 2913 μένῳ,
377 2843 793 2911 τιμωρήσασθαι
840 2837 889 2892 δ’
935 2836 1072 2909 ὑπὲρ
1119 2839 1274 2909 ὑμῶν
1321 2841 1528 2909 αὐτῶν,
1567 2841 1847 2911 εἰσπρᾶξαι

174 2923 235 2980 δὲ
273 2927 337 2980 τὰ
375 2925 512 2996 ὑπὲρ
551 2929 749 2982 τούτου
789 2926 1125 2996 ἀνηλωμένα.
1197 2928 1229 2997 ἢ
1269 2932 1347 2990 τίς
1395 2927 1643 2997 ἐθελήσει
1691 2932 1845 2997 φιλο-
