2035 3158
101 564 142 597 54

99 2061 140 2094 56

732 154 896 195 ΠΡΟΣ
930 154 1280 197 noMrKAEA.
1743 152 1844 211 179

168 287 394 349 ναύταις
431 283 742 355 σιτηρέσιον
795 283 897 358 (οὐ
925 285 1029 355 γὰρ
1069 288 1172 355 ἔφη
1212 288 1374 356 ἔχειν,
1415 283 1532 340 ἀλλ’
1580 286 1637 340 ἐκ
1675 290 1850 341 Μυτι-

170 376 336 442 λήνης
385 373 720 444 λήψεσθαιᾷ,
756 375 815 428 οἵ
858 393 914 427 τε
962 384 1283 444 στρατιῶται
1322 370 1472 445 εἶχον
1512 371 1680 429 οὐδὲν
1719 375 1850 429 ὅτου

168 461 237 514 ἂν
279 460 677 530 ἐπεσιτίσαντο,
716 463 892 515 ἄσιτοι
926 459 985 515 δὲ
1019 462 1120 515 οὐκ
1151 462 1221 515 ἂν
1259 462 1537 530 ἠδύναντο
1576 463 1851 533 ἐλαύνειν,

167 553 334 603 πάλιν
384 551 716 619 παραλαβὼν
764 546 869 619 ἐγὼ
910 550 1186 621 μάρτυρας
1223 561 1334 604 τῶν
1360 555 1637 620 πολιτῶν,
1682 566 1849 622 προσ-

167 638 351 691 ελθὼν
399 641 680 691 Πολυκλεῖ
722 636 919 711 τουτῳὶ
974 637 1034 691 ἐν
1088 637 1330 711 Τενέδῳ,
1381 638 1646 695 ἐκέλευον,
1682 640 1850 694 αὐτὸν

167 728 265 794 τήν
304 743 370 779 τε·
398 734 538 780 ναῦν
571 726 1018 795 παραλαμβάνειν
1058 727 1129 790 ὡς
1168 727 1431 798 διάδοχον
1472 729 1623 796 ὄντα,
1658 727 1748 782 καὶ
1787 731 1847 783 τὸ

166 811 625 883 ἐπιτριηράρχημα
667 813 993 868 ἀποδιδόναι
1040 823 1138 869 τοῦ
1177 803 1380 885 χρόνον
1420 811 1488 870 οὗ
1527 814 1849 886 ἐπανήλωσα

166 898 302 971 ὑπὲρ
349 902 546 956 τούτου
596 901 1057 972 ἐπιτριηραρχῶν,
1111 904 1202 956 ἵνα
1255 905 1328 972 μὴ
1383 906 1656 973 πρόφασις
1701 905 1845 977 αὐτῷ

165 986 379 1058 γένοιτο
419 989 713 1059 ἀπολογίας
752 993 886 1060 πρὸς
912 991 1090 1059 ὑμᾶς,
1137 991 1209 1053 ὡς
1257 991 1361 1059 ἐγὼ
1409 992 1501 1044 διὰ
1549 1001 1710 1048 τοῦτο
1748 994 1848 1049 οὐκ

166 1079 372 1147 ἤθελον
418 1078 564 1151 αὐτῷ
612 1080 954 1148 παραδοῦναι
1010 1080 1111 1147 τὴν
1156 1087 1326 1148 ναῦν,
1371 1082 1848 1151 φιλοτιμούμενος,

164 1167 256 1219 ἵνα
301 1167 730 1235 καταπλεύσαιμι
779 1168 963 1220 οἴκαδε
1021 1165 1106 1219 ἐπὶ
1154 1168 1290 1229 νεὼς
1335 1162 1398 1220 εὖ
1443 1169 1714 1238 πλεούσης
1756 1168 1848 1223 καὶ

167 1253 513 1324 ἐνδειξαίμην
563 1254 696 1324 ὑμῖν
753 1255 818 1307 τὰ
870 1254 1213 1323 ἀναλώματα.
1295 1254 1396 1308 οὐκ
1448 1254 1737 1320 ἐθέλοντος
1787 1255 1840 1312 δ’

165 1341 340 1397 αὐτοῦ
362 1342 833 1412 παραλαμβάνειν,
864 1350 973 1395 τῶν
1007 1339 1067 1395 δὲ
1099 1351 1318 1396 ναυτῶν
1341 1341 1609 1414 ἀργύριον
1633 1346 1847 1400 αἰτούν-

164 1450 276 1485 των
314 1428 388 1485 ἵν’
435 1429 814 1499 ἀγοράσωνται
852 1430 917 1482 τὰ
956 1427 1252 1500 ἐπιτήδεια,
1289 1431 1456 1484 πάλιν
1495 1431 1641 1505 αὐτῷ
1679 1447 1847 1503 προσ-

164 1517 390 1589 έρχομαι
440 1519 716 1588 μάρτυρας
768 1519 937 1587 ἔχων,
988 1516 1078 1571 καὶ
1129 1519 1357 1589 ἠρώτων
1407 1520 1577 1575 αὐτὸν
1623 1523 1675 1574 εἰ
1717 1520 1846 1575 ἀνα-

162 1607 449 1660 πλεύσειεν
501 1610 648 1678 ἔχων·
698 1605 967 1676 ἀργύριον
1025 1606 1098 1669 ὡς
1155 1606 1540 1676 διαδεξόμενός
1595 1629 1688 1678 μοι
1745 1611 1846 1680 τὴν

162 1703 324 1764 ναῦν,
362 1694 394 1764 ἢ
428 1695 517 1750 οὔ.
581 1691 1020 1763 ἀποκριναμένου
1069 1690 1119 1747 δ’
1166 1694 1340 1748 αὐτοῦ
1379 1695 1463 1748 ὅτι
1501 1698 1642 1766 ἔχων
1681 1696 1846 1767 ἀργύ-

164 1802 288 1854 ριον
333 1783 477 1852 ἥκοι,
527 1779 780 1836 ἐκέλευον
830 1781 999 1835 αὐτόν
1052 1801 1144 1851 μοι
1197 1783 1446 1836 δανεῖσαι
1497 1783 1845 1854 ὑποθέμενον

163 1871 227 1924 τὰ
277 1873 443 1940 σκεύη
493 1878 587 1938 τῆς
636 1871 802 1938 νεώς,
852 1866 927 1922 ἵν’
985 1872 1160 1939 ἔχοιμι
1212 1871 1502 1925 διαδοῦναι
1553 1883 1667 1936 τοῖς
1713 1875 1846 1928 ναύ-

163 1980 281 2023 ταις
329 1957 418 2012 καὶ
470 1961 827 2026 κατακομίσαι
879 1957 979 2027 τὴν
1029 1966 1202 2027 ναῦν,
1254 1958 1439 2028 ἐπειδὴ
1486 1960 1552 2014 οὐ
1590 1963 1847 2030 βούλεται

163 2051 498 2119 παραλαβεῖν
554 2047 810 2117 διάδοχος
865 2047 958 2100 ὤν.
1037 2045 1304 2116 δεομένου
1367 2046 1432 2101 δέ
1489 2069 1597 2118 μου
1658 2059 1846 2120 ταῦτα,

163 2135 489 2207 ἀπεκρίνατό
543 2155 636 2204 μοι
691 2134 773 2188 ὅτι
829 2131 947 2188 οὐδ’
1009 2133 1181 2204 ἀκαρῆ
1246 2137 1506 2190 δανείσοι.
1584 2137 1690 2206 ἐγὼ
1745 2135 1847 2208 μὲν

164 2219 268 2278 οὖν
316 2209 462 2294 παρὰ
512 2221 683 2287 ξένων
741 2224 1013 2275 Τενεδίων
1072 2231 1169 2276 τοῦ
1220 2226 1450 2293 πατρὸς,
1503 2226 1846 2291 Κλεάνακτος

164 2310 253 2365 καὶ
297 2309 629 2381 Ἐπηράτου,
680 2310 1046 2379 ἐδανεισάμην
1097 2309 1185 2363 καὶ
1238 2313 1414 2364 ἔδωκα
1464 2323 1577 2376 τοῖς
1625 2316 1845 2378 ναύταις

163 2400 224 2453 τὸ
256 2397 584 2469 σιτηρέσιον·
626 2399 716 2452 διὰ
755 2399 858 2468 γὰρ
898 2399 959 2452 τὸ
992 2401 1284 2461 Πασίωνος
1322 2396 1463 2453 εἶναι
1502 2400 1591 2455 καὶ
1632 2401 1843 2456 ἐκεῖνον
1866 2421 1971 2461 1224

163 2486 461 2552 ἐξενῶσθαι
514 2490 740 2549 πολλοῖς
799 2485 890 2539 καὶ
951 2491 1315 2556 πιστευθῆναι
1378 2487 1439 2541 ἐν
1493 2496 1555 2559 τῇ
1602 2487 1842 2559 Ἑλλάδι,

163 2575 265 2628 οὐκ
312 2575 584 2646 ἠπόρουν,
641 2575 779 2629 ὅπου
834 2576 1119 2643 δεηθείην,
1174 2576 1550 2629 δανείσασθαι.
1620 2577 1694 2640 ὡς
1739 2574 1842 2632 οὖν

164 2660 309 2728 ταῦτ’
349 2662 530 2732 ἀληθῆ
562 2665 697 2734 πρὸς
728 2662 867 2732 ὑμᾶς
898 2661 1057 2733 λέγω,
1095 2665 1305 2717 τούτων
1337 2663 1468 2733 ὑμῖν
1508 2665 1603 2728 τὰς
1639 2686 1841 2736 μαρτν-

165 2752 283 2818 ριάς
320 2749 631 2822 παρέξομαι.
