2035 3158
60 536 97 564 15

56 1237 95 1266 4ss

54 1851 93 1882 47

56 2467 94 2498 48

132 118 241 176 156
604 127 763 168 XLIX.
813 123 1317 181 [AHMOZOENOTZ]

123 257 338 325 μέλλων
363 256 580 310 ἐκπλεῖν
606 255 689 310 ἐπὶ
718 257 1076 326 Σωκρατίδου
1108 257 1389 326 ἄρχοντος,
1428 253 1518 308 καὶ
1551 251 1798 307 ἐκέλευσε

126 347 317 398 δοῦναι
355 343 655 417 Ἀντιμάχῳ
702 351 774 415 τῷ
823 347 986 414 ταμίᾳ
1030 351 1104 414 τῷ
1145 343 1369 412 ἑαυτοῦ,
1410 344 1522 414 ἰδίᾳ
1561 344 1663 410 ἔφη
1704 342 1799 394 δα-

125 442 297 485 νεῖσαι
354 435 449 486 τὸν
503 431 705 500 πατέρα
737 430 1037 503 Ἀντιμάχῳ
1092 430 1181 483 καὶ
1237 431 1338 484 οὐκ
1383 431 1545 492 αὐτὸς
1593 431 1798 497 λαβεῖν.

124 518 212 572 καὶ
251 520 322 582 ὡς
361 516 461 588 μὲν
502 519 681 588 ἀληθῆ
722 517 885 587 λέγει,
925 517 1125 572 οὐδένα
1165 520 1410 589 μάρτυρα
1450 516 1800 587 παρέσχηται,

124 601 287 680 λόγῳ
317 605 375 660 δὲ
425 616 778 678 καταχρῆται,
825 608 915 660 ἵνα
963 608 1034 676 μὴ
1086 607 1247 669 αὐτὸς
1289 608 1421 675 δοκῇ
1461 605 1800 674 ἀποστερεῖν,

124 692 239 748 ἀλλ’
281 692 600 765 Ἀντίμαχος
647 697 1024 748 δανείσασθαι.
1101 699 1276 748 καίτοι
1325 691 1366 747 ὦ
1407 695 1603 763 ἄνδρες
1650 694 1799 745 δικα-

125 781 245 836 σταὶ
299 782 434 852 μέγα
489 783 620 853 ὑμῖν
676 783 779 853 ἐρῶ
835 785 1151 852 τεκμήριον,
1214 783 1294 836 ὅτι
1351 782 1452 836 οὐκ
1500 779 1799 853 Ἀντιμάχῳ

123 869 402 924 ἐδάνεισεν
443 871 472 926 ὁ
511 872 686 941 πατὴρ
734 873 793 924 τὸ
841 870 1136 941 ἀργύριον,
1192 870 1329 923 ἀλλὰ
1375 867 1626 940 Τιμοθέῳ
1675 867 1799 937 περὶ

121 959 412 1027 ἀναγωγὴν
454 960 586 1012 ὄντι.
648 960 848 1028 πότερα
891 959 994 1027 γὰρ
1035 957 1103 1010 ἂν
1136 963 1322 1010 οἴεσθε
1363 957 1501 1027 ῥᾷον
1541 953 1683 1009 εἶναι
1723 963 1796 1027 τῷ

119 1050 309 1116 πατρί,
363 1045 755 1114 δημευθέντων
806 1056 916 1099 τῶν
957 1043 1280 1116 Ἀντιμάχου
1330 1045 1798 1112 ἐνεπισκήψασθαι

121 1133 180 1185 ἐν
220 1141 282 1203 τῇ
324 1134 483 1205 οὐσία
523 1141 585 1204 τῇ
628 1133 840 1187 ἐκείνου
889 1133 1312 1203 ἐνοφειλόμενον
1352 1134 1497 1203 αὑτῷ
1538 1140 1698 1186 τοῦτο
1737 1133 1797 1185 τὸ

122 1221 420 1291 ἀργύριον,
483 1227 632 1291 εἴπερ
689 1218 988 1294 Ἀντιμάχῳ
1045 1221 1360 1289 ἐδάνεισεν,
1421 1219 1453 1288 ἢ
1508 1217 1798 1286 ἀναμένειν
1819 1236 1932 1273 1198

122 1308 280 1361 ὁπότε
320 1309 465 1378 παρὰ
513 1310 711 1362 τούτου
750 1314 1057 1377 κομιεῖσθαι
1116 1311 1338 1376 ἔμελλεν
1377 1306 1799 1375 εὐπορήσαντος,

121 1396 178 1456 ὃς
218 1395 284 1449 οὐ
330 1398 534 1460 πολλὰς
582 1397 803 1460 ἐλπίδας
852 1401 1120 1465 σωτηρίας
1165 1394 1288 1466 περὶ
1335 1394 1504 1448 αὑτοῦ
1555 1391 1699 1464 εἶχεν
1739 1393 1795 1447 ἐν

123 1484 310 1557 ἐκείνῳ
359 1491 431 1556 τῷ
480 1487 684 1558 χρόνῳ;
736 1484 824 1537 καὶ
871 1487 979 1553 μὴν
1028 1484 1527 1553 ἐνεπισκηψάμενός
1566 1501 1625 1550 γε
1677 1481 1792 1536 οὔτ’

120 1571 189 1625 ἂν
235 1576 687 1642 παρακαταβολῆς
733 1574 1041 1642 ἠπόρησεν,
1097 1569 1211 1626 οὔτ’
1257 1571 1326 1625 ἂν
1373 1572 1649 1640 ἠπιστήθη
1695 1567 1792 1640 ὑφ’

120 1662 298 1729 ὑμῶν·
345 1661 543 1723 πάντες
583 1662 685 1731 γὰρ
726 1656 853 1731 ᾖστε
894 1663 991 1715 τὸν
1035 1659 1238 1728 πατέρα
1278 1661 1373 1713 τὸν
1415 1659 1544 1728 ἐμὸν
1583 1658 1650 1712 οὐ
1689 1667 1799 1711 τῶν

121 1750 402 1817 δημοσίων
442 1748 644 1812 ἀδίκως
675 1748 1073 1817 ἐπιθυμοῦντα,
1112 1748 1249 1801 ἀλλὰ
1289 1757 1397 1801 τῶν
1438 1746 1609 1800 αὑτοῦ
1647 1746 1800 1815 ὑμῖν,

121 1836 208 1888 ὅτε
249 1837 588 1905 κελεύσαιτε,
626 1838 929 1907 προθύμως
970 1836 1355 1890 ἀναλίσκοντα·
1405 1832 1519 1888 εἶτα
1558 1833 1646 1887 καὶ
1687 1833 1798 1887 ἐπι-

120 1925 339 1992 τηδείου
381 1925 537 1987 ὄντος
571 1925 715 1995 αὐτῷ
752 1925 1184 1994 Καλλιστράτου,
1225 1924 1391 1993 ὅσπερ
1432 1922 1694 1991 ἐδήμευσε
1733 1922 1798 1975 τὰ

114 2009 470 2081 Ἀντιμάχου,
525 2013 661 2065 ὥστε
715 2009 888 2081 μηδὲν
944 2011 1349 2065 ἐναντιοῦσθαι.
1436 2011 1571 2063 ὥστε
1625 2013 1682 2063 τί
1729 2011 1799 2063 ἄν

118 2118 246 2152 ποτε
286 2102 622 2169 βουλόμενος
662 2100 691 2154 ὁ
730 2101 903 2169 πατὴρ
945 2100 1199 2170 ἐβούλετο
1248 2102 1522 2168 Τιμόθεον
1560 2115 1801 2168 χρηστην

122 2186 395 2255 ἐγγράψας
432 2189 564 2258 ἡμῖν
603 2194 950 2258 καταλιπεῖν,
1000 2194 1148 2257 εἴπερ
1188 2189 1260 2258 μὴ
1302 2189 1499 2257 ὤφειλε
1538 2194 1698 2240 τοῦτο
1737 2188 1798 2241 τὸ

121 2274 406 2343 ἀργύριον,
445 2279 653 2344 μᾶλλον
685 2275 718 2344 ἢ
752 2275 851 2329 οὐκ
890 2274 949 2328 ἐκ
986 2284 1096 2328 τῶν
1130 2271 1456 2344 Ἀντιμάχου
1496 2273 1798 2344 δημευθέν-

119 2382 228 2414 των
269 2361 769 2432 ἐνεπισκηψάμενος
807 2366 1168 2432 κομίσασθαι;

229 2448 370 2520 Περὶ
411 2447 472 2503 δὲ
510 2461 619 2503 τῶν
657 2454 850 2520 χιλίων
881 2451 1159 2520 δραχμῶν,
1199 2450 1260 2512 ἃς
1299 2449 1613 2503 ἐδανείσατο
1652 2451 1797 2518 παρὰ

118 2545 215 2590 τοῦ
241 2535 604 2605 Ἀντιφάνους
637 2537 696 2591 ἐν
730 2540 1062 2608 Καλαυρείᾳ,
1102 2539 1191 2590 ἵνα
1233 2538 1450 2606 διαδοίη
1482 2547 1594 2600 τοῖς
1623 2539 1796 2590 Βοιω-

117 2628 253 2687 τίοις
297 2625 670 2695 τριηράρχοις,
717 2623 931 2694 μέλλων
979 2629 1270 2678 καταπλεῖν
1318 2623 1404 2678 ἐπὶ
1449 2626 1548 2694 τὴν
1595 2628 1796 2694 κρίσιν,

117 2710 206 2765 καὶ
247 2711 490 2765 ἀπέδωκε
531 2721 604 2785 τῷ
649 2715 906 2785 Φιλίππῳ
938 2720 1010 2784 τῷ
1044 2715 1335 2785 ναυκλήρῳ
1369 2712 1571 2766 ἐνθάδε
1611 2713 1797 2781 λαβὼν

117 2801 262 2869 παρὰ
312 2807 411 2852 τοῦ
456 2802 659 2870 πατρὸς
705 2809 803 2854 τοῦ
851 2800 1015 2869 ἐμοῦ,
1064 2802 1161 2854 τὸν
1199 2802 1468 2854 Βοιώτιον
1517 2801 1797 2870 ναύαρχόν

117 2903 252 2956 φησι
292 2888 670 2957 δανείσασθαι,
709 2887 799 2941 καὶ
838 2888 1131 2941 ὑποθεῖναι
1163 2888 1360 2941 τούτου
1392 2894 1489 2940 τοῦ
1529 2886 1794 2957 ἀργυρίου

1032 3014 1055 3022 o-
