2035 3158
110 394 152 426 32

105 1360 149 1392 33

702 133 865 173 ΠΡΟΣ
897 132 1334 175 ΝΙΚΟΣΤΡΑΤΟΝ.
1757 133 1864 186 199

854 279 1186 323 ΜΑΡἸἼῬΕΣ.

271 375 394 427 ’Ότι
443 371 544 443 μὲν
593 374 683 427 καὶ
732 375 878 443 παρὰ
925 378 1054 438 τοὺς
1099 378 1306 445 νόμους
1352 375 1442 429 καὶ
1489 377 1635 445 παρὰ
1682 379 1742 430 τὸ
1783 379 1864 430 δί-

175 479 334 514 καιον
401 465 630 514 δύναται
697 463 1124 531 διαπράττεσθαι
1196 465 1514 527 Κάλλιππος
1568 461 1610 516 ὦ
1664 466 1865 535 ἄνδρες

177 553 457 618 δικασταί,
494 538 607 618 ’τῆς
657 541 957 619 μαρτυρίας
1007 550 1286 620 ἀκηκόατε.
1361 551 1552 621 δεόμαι
1601 549 1660 606 δὲ
1706 553 1863 622 ὑμῶν
1887 562 2005 601 124ᾶ

177 637 341 700 αὐτός
379 657 437 690 τε
476 634 613 706 ὑπερ
655 637 893 706 ἐμαυτοῦ
932 637 1022 691 καὶ
1061 636 1198 709 ὑπερ
1230 648 1330 694 τοῦ
1361 644 1582 710 πατρός,
1621 640 1862 709 ἀναμνη

175 724 410 788 σθέντας
457 726 540 779 ὅτι
591 726 814 778 πάντων
861 722 961 833 μὲν
1007 726 1141 795 ὑμῖν
1187 725 1277 779 καὶ
1323 748 1600 798 μαρτυρας
1645 728 1736 782 καὶ
1781 749 1864 782 τε·

173 815 376 882 κμήρια
414 812 504 866 καὶ
543 817 751 882 νόμους
791 812 881 866 καὶ
912 818 1118 877 πίστεις
1148 819 1497 886 παρεσχόμην
1537 812 1615 870 ὧν
1655 823 1863 887 εἴρηκα,

174 903 350 974 τούτῳ
401 900 463 954 δὲ
512 901 856 971 ἐπιδείκνυμι
900 903 982 955 ὅτι
1022 902 1176 971 ε’ξόν,
1226 909 1376 973 εἴπερ
1415 925 1466 957 τι
1505 905 1649 977 αὐτῷ
1695 921 1863 975 προσ-

173 997 268 1057 ῆκε
319 997 419 1042 τοῦ
469 988 767 1058 ἀργυρίου,
816 988 902 1042 ἐπὶ
948 991 1044 1044 τὸν
1093 993 1445 1061 Κηφισιάδην
1484 960 1726 1062 βαδίζειν
1765 996 1863 1048 τὸν

175 1078 555 1146 ὁμολογοῦντα
606 1082 930 1146 κεκομίσθαι
981 1076 1071 1130 καὶ
1123 1080 1265 1148 ἔχειν
1315 1082 1375 1133 τὸ
1426 1080 1723 1151 ἀργύριον,
1773 1080 1862 1134 καὶ

172 1174 345 1220 ταῦτα
392 1162 565 1235 μηδὲν
613 1161 775 1233 ἧττον
822 1167 887 1218 τὰ
933 1166 1094 1218 πιστὰ
1141 1166 1264 1236 παρ’
1313 1168 1467 1236 ἡμῶν
1515 1172 1722 1238 λαβεῖν,
1761 1170 1863 1223 οὐκ

173 1257 384 1325 ἔρχεται
408 1295 422 1322 ,
485 1255 644 1316 εἰδὼς
706 1254 789 1307 ὅτι
852 1254 953 1307 οὐκ
1014 1257 1126 1307 ἔστι
1187 1253 1312 1325 παρ’
1380 1256 1513 1325 ἡμῖν
1574 1259 1634 1311 τὸ
1695 1257 1861 1328 ἀργύ-

173 1363 330 1413 ριον,
384 1341 575 1410 δέομαι
627 1341 783 1410 ὑμῶν
842 1341 1306 1412 ἀποψηφίσασθαί
1350 1364 1472 1413 μου.
1556 1344 1646 1399 καὶ
1695 1355 1862 1400 ταῦτα

170 1440 461 1493 ποιοῦντες
506 1439 725 1498 πρῶτον
776 1427 877 1498 μὲν
927 1431 993 1483 τὰ
1045 1432 1228 1484 δίκαια
1279 1431 1367 1485 καὶ
1417 1434 1551 1486 κατὰ
1597 1437 1726 1497 τοὺς
1769 1439 1863 1489 νό-

170 1539 308 1588 μους
347 1521 543 1572 ἔσεσθε
588 1518 979 1588 ἐψηφισμένοι,
1028 1522 1209 1572 ἔπειτα
1256 1520 1378 1585 ἄξια
1424 1519 1524 1591 μὲν
1571 1523 1727 1591 ὑμῶν
1766 1524 1862 1577 αὐ-

169 1617 301 1677 τῶν,
341 1607 464 1672 ἄξια
505 1604 564 1660 δὲ
604 1616 703 1660 τοῦ
749 1609 952 1676 πατρὸς
997 1616 1096 1661 τοῦ
1144 1608 1300 1677 ἐμοῦ·
1341 1610 1413 1672 ὡς
1459 1609 1564 1678 ἐγὼ
1613 1611 1755 1680 ὑμᾶς
1792 1611 1862 1665 ἂν

171 1696 433 1765 δεξαίμην
474 1696 685 1748 ἅπαντα
716 1695 780 1748 τὰ
814 1695 1050 1763 ἐμαυτοῦ
1091 1699 1300 1765 λαβεῖν,
1337 1701 1549 1766 μᾶλλον
1588 1698 1621 1769 ἢ
1662 1699 1863 1764 ἀδίκως

169 1804 221 1837 τι
262 1785 779 1853 συκοφαντούμενος
819 1783 1117 1837 ἀποτεῖσαι.

939 2077 1083 2132 LIII.

189 2203 424 2265 ΠΡΟΣ
469 2200 1096 2264 ΝΙΚΟΣΤΡΑΤΟΝ
1139 2204 1350 2265 ΠΕΡΙ
1393 2204 1837 2270 ΑΝΔΡΑΠΟ·

319 2302 497 2362 ΔΩΝ
544 2300 1083 2362 ΑΠΟΓΡΑΦΗΣ
1130 2303 1698 2367 ΑΡΕΘΟΤΣΙΟΤ.

840 2464 1171 2508 ΤΠΟΘΕΣΙΣ,

275 2576 641 2645 Ἀπολλόδωρος
659 2581 975 2645 γραψάμενος
991 2581 1373 2645 ψευδοκλητείας
1386 2576 1704 2649 Ἀρεθούσιον
1718 2578 1860 2634 εἷλεν.

169 2659 408 2725 ὀφλόντος
427 2659 493 2717 ιδὲ
527 2669 612 2710 τοῦ
643 2656 960 2726 Ἀρεθουσίου
999 2662 1234 2712 τάλαντον
1265 2673 1324 2732 τῇ
1357 2663 1493 2712 πόλει
1529 2664 1610 2713 καὶ
1640 2664 1857 2715 ἀποδοῦ-

167 2761 250 2790 ναι
282 2740 347 2806 μὴ
382 2741 712 2806 δυνηθέντος,
752 2740 833 2790 καὶ
870 2740 949 2790 διὰ
995 2737 1126 2792 τοῦτ’
1161 2743 1229 2803 εἰς
1259 2741 1315 2792 τὰ
1349 2739 1543 2807 δημόσι’
1571 2742 1855 2812 ἀπογραφο-

168 2814 319 2886 μένὴς
369 2821 520 2872 αὐτοῦ
574 2830 660 2887 τῆς
715 2822 905 2886 οὐσίας,
961 2821 1233 2889 ἀπογράφει
1285 2823 1368 2873 καὶ
1416 2821 1441 2874 ὅ
1491 2818 1855 2892 Ἀπολλόδωρος

167 2900 353 2961 οἰκέτας
401 2899 467 2961 ὡς
513 2900 655 2962 ὄντας
700 2896 1042 2969 Ἀρεθουσίου,
1090 2901 1115 2953 ὅ
1155 2901 1206 2952 δὲ
1247 2903 1575 2971 Νικόστρατος
1625 2924 1852 2971 μεταποι-
