2035 3158
73 1013 114 1045 22

694 160 856 201 ΠΡΟΣ
885 160 1258 201 KAAAIKAEA.
1714 155 1823 206 229

140 292 302 350 οὗτοί
332 312 441 365 μοι.
516 295 693 347 καίτοι
732 299 864 346 πᾶσι
911 295 1123 361 μᾶλλον
1162 290 1416 361 ἐνεχώρει
1454 298 1617 344 τοῦτο
1655 289 1823 359 πράτ-

140 403 269 437 τειν.
340 379 492 437 οὗτοι
532 378 632 451 μὲν
671 381 795 451 γὰρ,
834 382 885 434 εἰ
919 384 1013 433 καί
1049 400 1099 433 τι
1137 381 1503 447 πεπόνθασιν,
1543 376 1700 431 αὐτοὶ
1741 375 1816 430 δι’

140 471 344 534 αὐτοὺς
403 467 769 540 βεβλαμμένοι
839 475 1307 538 συκοφαντοῦσιν·
1372 466 1570 521 ἐκεῖνοι
1635 462 1714 535 δ’,
1775 467 1827 518 εἰ

139 557 231 612 καὶ
278 555 452 628 μηδὲν
498 559 659 626 ἄλλο,
706 546 964 626 τοιαύτη-ν
1020 555 1072 625 γ’
1128 556 1392 625 οὐδεμίαν
1442 557 1622 608 αἰτίαν
1669 557 1822 625 ἔχου-

139 660 246 701 σιν.
309 645 426 700 ἀλλ’
472 648 565 700 ἵνα
603 647 676 715 μὴ
714 640 888 698 πάνθ’
933 646 1043 714 ἅμα
1091 645 1429 715 συνταράξας
1476 642 1643 712 λέγω,
1691 644 1826 711 λαβέ

139 755 233 804 μοι
272 734 367 797 τὰς
403 743 515 787 τῶν
553 735 819 802 γειτόνων
859 735 1173 802 μαρτυρίας.

810 894 1146 935 MAPTTPIAL

252 997 476 1051 Οὐκοῦν
530 999 716 1050 δεινὸν
771 992 813 1049 ὦ
869 998 1065 1067 ἄνδρες
1119 999 1386 1066 δικασταί,
1440 997 1669 1059 τούτους
1721 995 1822 1065 μὲν

137 1082 311 1155 μηδὲν
345 1085 593 1154 ἐγκαλεῖν
625 1104 718 1154 μοι
750 1093 985 1139 τοσαῦτα
1017 1084 1446 1154 βεβλαμμένους,
1483 1081 1613 1154 μηδ’
1651 1085 1822 1137 ἄλλον

137 1172 348 1243 μηδένα
398 1183 508 1226 τῶν
560 1173 940 1243 ἠτυχηκότων,
999 1171 1135 1225 ἀλλὰ
1186 1174 1284 1241 τὴν
1336 1174 1505 1242 τύχην
1556 1171 1952 1242 στέργειν,1278

137 1259 357 1316 τουτονὶ
409 1258 467 1314 δὲ
521 1270 911 1330 συκοφαντεῖν;
972 1260 1037 1314 ὃν
1089 1261 1170 1314 ὅτι
1221 1257 1321 1329 μὲν
1380 1260 1544 1323 αὐτὸς
1594 1259 1823 1328 ἐξημάρ-

137 1369 292 1418 τηκε,
330 1359 549 1419 πρῶτον
589 1346 690 1418 μὲν
730 1350 828 1417 τὴν
870 1349 1003 1403 ὁδὸν
1045 1348 1370 1418 στενοτέραν
1409 1351 1666 1418 ποιήσας,
1707 1347 1824 1411 ἐξα-

138 1438 326 1507 γαγὼν
376 1437 476 1502 ἔξω
529 1439 628 1507 τὴν
679 1437 970 1506 αἱμασιάν,
1030 1439 1122 1490 ἵνα
1174 1438 1237 1490 τὰ
1290 1436 1493 1507 δένδρα
1544 1446 1638 1507 τῆς
1688 1437 1825 1491 ὁδοῦ

136 1529 417 1596 ποιήσειεν
466 1532 626 1594 εἴσω,
686 1528 866 1578 ἔπειτα
919 1522 977 1578 δὲ
1029 1528 1126 1579 τὸν
1185 1527 1391 1596 χλῆδον
1451 1525 1697 1595 ἐκβαλὼν
1746 1527 1825 1588 εἰς

136 1615 247 1683 τὴν
288 1614 454 1682 ὁδόν,
503 1613 556 1679 ἐξ
611 1608 689 1667 ὧν
739 1613 1086 1683 ὑψηλοτέραν
1134 1615 1234 1683 τὴν
1283 1614 1455 1682 αὐτὴν
1502 1612 1590 1667 καὶ
1639 1629 1824 1667 στενο-

135 1700 299 1771 τέραν
336 1707 671 1770 πεποιῆσθαι
711 1701 1072 1771 συμβέβηκεν,
1129 1702 1187 1756 ἐκ
1225 1712 1334 1755 τῶν
1373 1712 1688 1771 μαρτυριῶν
1728 1702 1824 1755 αὐ-

44 1804 114 1837 v23
137 1788 241 1844 τίκ’
299 1796 516 1844 εἴσεσθε
569 1789 935 1860 σαφέστερον,
993 1791 1072 1844 ὅτι
1130 1787 1184 1843 δ’
1243 1788 1409 1844 οὐδὲν
1465 1790 1825 1853 ἀπολωλεκὼς

137 1874 268 1932 οὐδὲ
308 1879 830 1949 ’καταβεβλαμμένος
898 1880 1053 1943 ἄξιον
1117 1882 1285 1947 λόγου
1347 1881 1676 1948 τηλικαύτην
1730 1899 1820 1948 μοι

137 1967 298 2036 δίκην
343 1970 549 2037 εἴληχε,
596 1965 757 2020 τοῦθ’
812 1968 954 2037 ὑμᾶς
998 1969 1102 2038 ἤδη
1152 1969 1477 2038 πειράσομαι
1527 1968 1823 2021 διδάσκειν.

137 2060 236 2122 τῆς
268 2055 371 2124 γὰρ
411 2056 612 2125 μητρὸς
656 2063 750 2124 τῆς
796 2054 927 2125 ἐμῆς
972 2054 1255 2126 χρωμένης
1300 2063 1363 2126 τῇ
1411 2057 1621 2110 τούτων
1660 2055 1823 2125 μητρὶ

137 2139 269 2212 πρὶν
318 2143 548 2206 τούτους
599 2143 938 2214 ἐπιχειρῆσαί
983 2164 1046 2212 με
1101 2153 1500 2214 συκοφαντεῖν,
1549 2143 1639 2198 καὶ
1688 2147 1824 2216 πρὸς

138 2227 376 2298 ἀλλήλας
429 2228 881 2300 ἀφικνουμένων,
943 2224 1063 2285 οἷον
1126 2233 1269 2294 εἰκὸς
1331 2233 1439 2301 ἅμα
1494 2229 1594 2301 μὲν
1647 2232 1823 2303 ἀμφο-

137 2314 311 2387 τέρων
369 2319 641 2371 οἰκουσῶν
706 2317 766 2371 ἐν
829 2318 978 2390 ἀγρῷ
1037 2318 1124 2372 καὶ
1181 2330 1541 2388 γειτνιωσῶν,
1597 2322 1706 2392 ἅμα
1762 2319 1823 2375 δὲ

73 2420 116 2452 24
139 2414 249 2458 τῶν
287 2403 509 2475 ἀνδρῶν
548 2405 848 2476 χρωμένων
889 2406 1146 2476 ἀλλήλοις
1193 2408 1292 2471 ἕως
1340 2411 1500 2476 ἔζων,
1550 2408 1824 2479 ἐλθούσης

140 2489 201 2545 δὲ
254 2500 349 2561 τῆς
402 2492 531 2562 ἐμῆς
584 2496 784 2563 μητρὸς
848 2495 920 2557 ὡς
981 2496 1080 2564 τὴν
1142 2497 1352 2549 τούτων
1406 2495 1495 2549 καὶ
1550 2496 1865 2568 ἀποδυρου’

139 2578 306 2650 μένης
355 2580 565 2650 ἐκείνης
614 2583 678 2635 τὰ
730 2583 1012 2651 συμβάντα
1063 2582 1152 2637 καὶ
1205 2586 1596 2654 δεικνυούσης,
1648 2586 1823 2650 οὕτως

141 2667 465 2738 ἐπυθόμεθα
503 2668 675 2723 πάνθ’
720 2671 874 2739 ἡμεῖς
914 2668 954 2724 ὦ
995 2673 1193 2740 ἄνδρες
1234 2675 1503 2726 δικασταί·
1552 2672 1641 2727 καὶ
1680 2674 1820 2742 λέγω

139 2753 241 2825 μὲν
280 2757 415 2824 ἅπερ
447 2759 657 2827 ἤκουσα
688 2767 781 2828 τῆς
813 2764 1030 2830 μητρός,
1075 2761 1216 2814 οὕτω
1257 2783 1349 2830 μοι
1389 2762 1563 2815 πολλὰ
1602 2762 1820 2831 κάγαθὰ

139 2842 385 2915 γένοιτο,
438 2848 489 2899 εἰ
542 2843 601 2899 δὲ
658 2848 955 2917 ψεύδομαι,
1018 2848 1277 2902 τάναντία
1331 2851 1565 2904 τούτων·
1622 2847 1654 2919 ἧ
1710 2852 1820 2920 μὴν

140 2931 277 3001 ὁρᾶν
325 2931 416 2987 καὶ
465 2941 558 3001 τῆς
615 2936 824 2988 τούτων
882 2938 1083 3006 μητρὸς
1140 2937 1362 2991 ἀκούειν
1414 2940 1546 3008 ἔφη,
1605 2943 1818 3006 κριθῶν
