2035 3158
197 139 273 189 26
689 137 850 178 xmu
899 120 1402 192 [mozosssnow]

276 272 627 337 ἐπιδικάσηται,
666 269 836 334 ἀτελὴς
874 269 1004 319 ἔσται
1035 265 1067 333 ἡ
1100 268 1374 320 ἐπιδικασία
1410 277 1498 320 τοῦ
1536 269 1731 332 κλήρου.
1785 267 1873 318 ἐὰν

278 351 330 401 δὲ
377 349 443 415 μὴ
491 352 547 420 ζῇ
586 348 613 401 ὁ
661 348 1063 414 ἐπιδικασάμενος
1114 356 1202 400 τοῦ
1248 350 1455 413 κλήρου,
1501 349 1870 413 προσκαλείσθω

279 431 397 481 κατὰ
427 429 593 495 ταύτά,
634 420 672 500 ᾧ
704 428 766 480 ἂν
799 425 829 492 ἡ
862 431 1137 494 προθεσμία
1168 429 1313 493 μήπω
1346 429 1506 500 ἐξήκῃ.
1566 426 1655 491 τήν
1694 423 1738 477 δ’
1780 425 1870 491 ἀμ-

277 511 572 576 φισβήτησιν
620 506 744 560 εἶναι
791 513 856 579 τῷ
903 508 1083 574 ἔχοντι,
1129 509 1304 559 καθότι
1351 508 1664 559 ἐπεδικάσατο
1712 501 1772 557 οὗ
1809 505 1872 556 ἂν

278 590 360 660 ἔχῃ
397 590 455 641 τὰ
494 591 722 655 χρήματα.

137 718 179 749 ³⁷
261 742 265 745 -
322 707 432 759 Τοῦ
469 701 570 773 μὲν
609 707 785 773 νόμου
825 704 1105 772 ἀκηκόατε,
1146 701 1335 771 δέομαι
1375 701 1424 756 δ’
1462 703 1618 771 ὑμῶν
1656 703 1874 755 δικαίαν

205 792 392 860 δέησιν
432 788 474 845 ὦ
507 793 704 861 ἄνδρες
736 793 999 845 δικασταί.
1063 790 1157 843 ἐὰν
1197 790 1299 858 γὰρ
1341 788 1587 852 ἐπιδείξω
1629 791 1873 859 Θεοπόμ-

202 898 309 933 που
358 887 454 932 τοῦ
499 881 700 947 πατρὸς
747 887 844 932 τοῦ
882 878 1252 947 Μακαρτάτου
1300 876 1445 945 γένει
1496 878 1656 939 ὄντας
1684 875 1875 949 Ἀγνίᾳ

204 965 472 1035 ἐγγυτέρω
507 966 856 1035 Εὐβουλίδην
888 985 943 1018 τε
982 967 1078 1018 τὸν
1109 966 1284 1017 παῖδα.
1316 962 1533 1017 τουτονὶ
1572 963 1660 1018 καὶ
1696 968 1874 1019 Φυλο-

202 1055 411 1124 μάχην,
447 1054 481 1123 ἥ
523 1054 633 1107 ἐστι
673 1057 847 1123 μήτηρ
888 1061 960 1125 τῷ
1001 1054 1174 1120 παιδί,
1213 1051 1562 1120 Εὐβουλίδου
1602 1048 1661 1105 δὲ
1699 1052 1874 1121 θυγά-

203 1162 335 1210 τηρ,
396 1139 483 1194 καὶ
531 1128 598 1194 οὐ
653 1145 825 1210 μόνον
874 1140 1017 1209 γένει
1065 1139 1338 1208 ἐγγυτάτω
1387 1140 1574 1208 ὄντας,
1627 1138 1763 1193 ἀλλὰ
1813 1142 1874 1194 τὸ

202 1229 456 1298 παράπαν
496 1225 624 1281 οὐδὲ
668 1230 798 1282 ὄντα
831 1227 1031 1282 οὐδένα
1064 1227 1377 1294 ἀνθρώπων
1417 1226 1478 1279 ἐν
1517 1233 1588 1298 τῷ
1629 1232 1760 1300 οἴκῳ
1799 1235 1873 1300 τῷ

193 1316 416 1384 Ἁγνίου
463 1318 630 1370 ἄλλον
677 1316 707 1384 ἢ
757 1318 856 1385 τὴν
903 1314 1105 1385 μητέρα
1154 1323 1250 1369 τοῦ
1296 1314 1490 1376 παιδὸς
1528 1313 1746 1368 τουτουὶ
1784 1314 1874 1369 καὶ

203 1405 371 1458 αὐτὸν
410 1403 626 1457 τουτονὶ
665 1407 761 1458 τὸν
801 1405 996 1472 παῖδα,
1034 1400 1184 1456 ταῦτ’
1232 1402 1325 1455 ἐὰν
1366 1400 1645 1471 ἐπιδείξω,
1684 1401 1869 1473 δεόμαι

202 1493 358 1561 ὑμῶν
396 1489 439 1546 ὦ
480 1493 674 1559 ἄνδρες
715 1490 959 1545 δικασταὶ
1001 1495 1231 1560 βοηθεῖν
1270 1490 1415 1559 ἡμῖν.

137 1595 179 1625 ²8
323 1581 396 1633 Τὸ
435 1576 535 1648 μὲν
570 1575 669 1632 οὖν
702 1589 918 1647 πρῶτον
953 1581 1252 1648 διενοήθην
1293 1575 1334 1631 ὦ
1374 1579 1571 1647 ἄνδρες
1610 1580 1875 1646 δικασταί,

203 1669 414 1738 γράψας
445 1666 504 1720 ἐν
529 1671 714 1720 πίνακι
741 1669 978 1730 ἅπαντας
1010 1669 1136 1730 τοὺς
1168 1675 1448 1734 συγγενεῖς
1479 1669 1605 1729 τοὺς
1635 1664 1875 1734 Ἁγνίου,
1919 1725 1921 1727 ,

203 1756 375 1818 οὕτως
413 1754 778 1808 ἐπιδεικνύειν
812 1755 942 1823 ὑμῖν
974 1751 1101 1807 καθ’
1142 1753 1389 1807 ἕκαστον·
1431 1752 1616 1822 ἐπειδὴ
1657 1751 1710 1806 δ’
1757 1753 1875 1808 ἐδό-

201 1863 282 1897 κει
323 1843 423 1897 οὐκ
470 1842 537 1895 ἂν
585 1838 724 1895 εἶναι
773 1842 825 1906 ἐξ
868 1847 988 1895 ι”σου
1035 1841 1067 1910 ἡ
1114 1845 1324 1907 θεωρία
1372 1841 1537 1893 ἅπασι
1577 1851 1689 1905 τοῖς
1726 1843 1875 1895 δικα-

201 1937 382 1997 σταῖς,
422 1927 539 1983 ἀλλ’
588 1930 644 1984 oc
677 1932 862 1998 πόρρω
903 1932 1205 1998 καθήμενοι
1247 1928 1664 1996 ἀπολείπεσθαι,
1712 1928 1874 1998 ἀναγ-

201 2027 359 2072 καῖον
399 2023 527 2079 ἴσως
559 2023 631 2088 τῷ
667 2020 809 2090 λόγῳ
843 2017 1123 2070 διδάσκειν
1163 2017 1326 2085 ὑμᾶς·
1367 2024 1524 2070 τοῦτο
1565 2017 1668 2086 γὰρ
1708 2017 1874 2070 ἅπασι

202 2108 392 2160 κοινόν
417 2104 579 2159 ἐστιν.
649 2108 1024 2174 πειρασόμεθα
1058 2101 1118 2157 δὲ
1152 2103 1240 2156 καὶ
1271 2103 1423 2172 ἡμεῖς
1449 2103 1519 2165 ὡς
1545 2103 1612 2156 ἂν
1643 2105 1874 2173 μάλιστα

205 2194 499 2262 δυνώμεθα
548 2193 639 2245 διὰ
685 2192 1037 2261 βραχυτάτων
1086 2191 1344 2254 ἐπιδεῖξαι
1384 2190 1506 2258 περὶ
1547 2189 1643 2245 τοῦ
1683 2191 1874 2259 γένους

203 2277 302 2335 τοῦ
331 2278 570 2349 Ἀγνίου.
1190 2289 1193 2291 ’
1866 2280 1869 2283 ’

314 2369 588 2430 Βούσελος
628 2369 729 2435 γὰρ
772 2364 838 2435 ἦν
865 2367 931 2433 ,ἐξ
977 2372 1113 2422 Οἴου
1153 2365 1195 2421 ὦ
1236 2368 1432 2436 ἄνδρες
1472 2369 1748 2436 δικασταί,
1784 2366 1875 2421 καὶ

203 2457 376 2530 τούτῳ
425 2454 676 2524 ἐγένοντο
726 2452 883 2508 πέντε
929 2456 1094 2523 υἱεῖς,
1140 2453 1356 2524 Ἀγνίας
1403 2453 1491 2507 καὶ
1534 2455 1876 2525 Εὐβουλίδης

203 2542 292 2597 καὶ
339 2546 605 2611 Στρατίος
654 2543 741 2597 καὶ
777 2541 996 2612 ’Ἅβρων
1045 2542 1134 2596 καὶ
1187 2545 1524 2611 Κλεόκριτος.
1587 2541 1675 2594 καὶ
1723 2539 1875 2597 οὗτοι.

202 2634 433 2694 ἅπαντες
481 2632 537 2685 οἱ
579 2638 676 2685 τοῦ
718 2630 996 2684 Βουσέλου
1044 2632 1182 2693 υἱεῖς
1221 2632 1416 2696 ἄνδρες
1455 2627 1737 2698 ἐγένοντο,
1785 2629 1877 2684 καὶ

201 2718 473 2789 διένειμεν
513 2719 697 2781 αὐτοῖς
728 2721 827 2787 τὴν
866 2718 1061 2772 οὐσίαν
1087 2720 1115 2774 ὁ
1140 2720 1313 2788 πατὴρ
1347 2719 1375 2772 ὁ
1406 2719 1681 2781 Βούσελος
1709 2718 1877 2772 ἅπασι

202 2812 380 2871 καλῶς
430 2806 518 2860 καὶ
567 2809 817 2874 δικαίως,
870 2807 1048 2876 ὥσπερ
1093 2815 1382 2875 προσῆκεν.
1451 2806 1768 2875 νειμάμενοι
1815 2803 1876 2860 δὲ

204 2897 303 2963 τὴν
343 2895 562 2961 οὐσίαν,
609 2903 840 2962 γυναῖκα
887 2894 1067 2948 αὐτῶν
1118 2894 1338 2957 ἕκαστος
1377 2895 1538 2963 ἔγημε
1578 2894 1710 2947 κατὰ
1748 2897 1948 2958 τοὺςιο
