2035 3158
169 143 242 194 52
655 142 810 183 XLIV.
854 137 1360 197 [ΔΗΜΟΣΘΕΝΟΤΣ]

168 271 270 343 μὲν
318 272 629 343 Ἀρχιδίκην
677 272 955 327 ἐκδιδόασι
1001 271 1338 344 Λεωστράτῳ
1371 268 1712 343 Ἐλευσινίῳ,
1749 269 1847 323 αὖ·

170 370 280 415 τῶν
319 357 381 414 δὲ
419 369 589 429 τριῶν
628 361 804 413 ὄντων
837 359 866 412 6
898 354 998 427 μὲν
1028 355 1322 427 Ἄρχιππος
1357 367 1700 428 τριηραρχῶν
1738 355 1847 411 ἐτε-

173 449 396 518 λεύτησε
444 449 541 501 τὸν
586 449 713 517 βίον
760 445 821 499 ἐν
860 446 1176 516 Μηθύμνῃ,
1222 444 1251 499 6
1299 442 1359 498 δὲ
1398 446 1741 514 Μειδυλίδης
1777 444 1846 497 οὐ

169 541 353 608 πολλῷ
408 537 588 608 χρόνῳ
643 543 805 602 γαμεῖ
855 533 1088 600 ὕστερον
1133 534 1507 604 Μνησιμάχην
1552 534 1846 586 Λυσίππου

105 640 149 672 ιο
169 632 268 678 τοῦ
315 621 572 691 Κριωέως
615 619 910 689 θυγατέρα.
981 619 1070 672 καὶ
1120 624 1360 688 γίγνεται
1406 619 1550 692 αὐτῷ
1597 619 1847 688 θυγάτηρ

172 713 345 779 ὄνομα
394 709 769 778 Κλειτομάχη,
816 708 885 776 ἣν
931 707 1219 776 ἠβουλήθη
1267 704 1368 776 μὲν
1414 707 1620 770 ἐκεῖνος
1656 707 1848 780 ἀγάμῳ

169 806 243 870 τῷ
295 791 528 869 ἀδελφῷ
568 797 684 849 ὄντι
736 802 808 867 τῷ
871 793 1068 849 ἑαυτοῦ
1120 795 1399 848 ἐκδοῦναι·
1474 795 1659 864 ἐπειδὴ
1711 792 1762 849 δ’
1818 793 1849 848 6

166 885 451 955 Ἀρχιάδης
490 885 589 937 οὐκ
630 886 732 953 ἔφη
769 888 1154 952 προαιρεῖσθαι
1195 892 1407 952 γαμεῖν,
1445 883 1582 936 ἀλλὰ
1621 882 1711 936 καὶ
1750 884 1849 952 τὴν

172 972 369 1026 οὐσίαν
421 971 691 1041 ἀνέμητον
752 972 842 1024 διὰ
902 979 1070 1024 ταῦτα
1129 973 1484 1040 συγχωρήσας
1532 967 1673 1024 εἶναι
1722 969 1850 1042 ᾤ’κει

172 1059 296 1114 καθ’
345 1060 514 1113 αὑτὸν
554 1060 613 1114 ἐν
653 1067 716 1130 τῇ
756 1063 1053 1127 Σαλαμῖνι,
1092 1058 1264 1120 οὕτως
1302 1059 1407 1126 ἤδη
1448 1058 1477 1112 6
1508 1059 1854 1126 Μειδυλίδης

174 1148 429 1202 ἐκδίδωσι
478 1148 577 1216 τὴν
625 1147 796 1200 αὑτοῦ
841 1144 1121 1214 θυγατέρα
1156 1142 1512 1214 Ἀριστοτέλει
1551 1149 1852 1215 Παλληνεῖ,

172 1243 246 1308 τῷ
301 1235 498 1308 πάππῳ
554 1242 626 1306 τῷ
685 1233 811 1305 ἐμῷ.
897 1231 985 1286 καὶ
1050 1236 1330 1302 γίγνονται
1385 1232 1438 1297 ἐξ
1493 1233 1663 1286 αὐτοῦ
1715 1234 1853 1297 υἱεῖς

172 1332 340 1392 τρεῖς,
389 1321 779 1391 Ἀριστόδημός
832 1340 887 1374 τε
945 1320 1131 1374 οὑτοσὶ
1187 1321 1216 1375 6
1269 1322 1443 1390 πατὴρ
1498 1320 1528 1374 6
1583 1318 1710 1389 ἐμὸς
1762 1320 1852 1374 καὶ

165 1409 497 1480 Ἁβρώνιχος
544 1411 572 1464 6
620 1414 774 1473 θεῖος
821 1407 909 1462 καὶ
949 1409 1318 1478 Μειδυλίδης,
1366 1408 1425 1471 ὃς
1470 1416 1576 1462 νῦν
1612 1413 1850 1463 τετελευ-

109 1516 146 1547 n
174 1499 347 1568 τηκὼς
385 1498 656 1568 τυγχάνει.
727 1495 817 1550 καὶ
855 1496 888 1565 ἡ
928 1493 1029 1566 μὲν
1069 1504 1167 1550 τοῦ
1207 1495 1401 1565 γένους
1439 1496 1714 1566 ἀγχιστεία
1753 1505 1852 1551 τοῦ

174 1585 457 1656 ἡμετέρου,
498 1586 557 1639 ἐν
597 1580 639 1658 ᾧ
683 1585 830 1639 ἐστιν
871 1584 900 1639 6
941 1589 1164 1653 κλῆρος,
1212 1587 1410 1654 σχεδὸν
1450 1585 1622 1647 οὕτως
1660 1587 1766 1655 ἔχει
1808 1581 1851 1638 ὦ

175 1675 373 1744 ἄνδρες
424 1674 686 1727 δικασταί.
757 1669 1012 1742 Ἀρχιάδῃ
1071 1672 1175 1741 γὰρ
1231 1673 1368 1741 πρὸς
1423 1671 1645 1741 ἀνδρῶν
1701 1671 1855 1742 ἡμεῖς

175 1759 276 1832 μὲν
308 1761 454 1831 γένει
486 1760 779 1829 ἐγγυτάτω,
811 1758 902 1812 καὶ
933 1760 1067 1812 κατὰ
1092 1767 1288 1814 τοῦτον
1311 1762 1406 1814 τὸν
1431 1763 1606 1828 νόμον
1637 1759 1818 1824 ἀξιοῡι

177 1870 262 1915 τες
301 1858 394 1918 τῆς
434 1848 646 1902 ἐκείνου
689 1848 877 1910 οὐσίας
923 1852 1288 1917 κληρονομεῖν
1334 1846 1424 1901 καὶ
1470 1850 1530 1902 τὸ
1578 1846 1736 1916 γένος
1779 1851 1852 1918 μὴ
1892 1882 1894 1885 -

177 1939 446 2008 περιιδεῖν
487 1935 854 2006 ἐξερημωθέν,
895 1935 1158 2006 ἐλάχομεν
1189 1938 1324 2003 πρὸς
1354 1938 1450 1989 τὸν
1483 1937 1719 2006 ἄρχοντα
1757 1946 1855 1990 τοῦ

178 2029 404 2095 κλῆρον’
447 2021 600 2079 οὗτοι
641 2021 689 2078 δ’
737 2028 949 2095 ἔχοντες
989 2023 1055 2077 οὐ
1095 2025 1316 2086 δικαίως
1355 2025 1417 2076 τὰ
1456 2026 1699 2094 χρήματα
1739 2026 1852 2078 δια-

182 2117 621 2183 μεμαρτυρήκασι
662 2116 809 2181 νυνί,
848 2115 907 2166 τὸ
948 2109 1048 2181 μὲν
1089 2113 1221 2165 ὅλον
1262 2114 1663 2182 ἰσχυριζόμενοι
1699 2115 1853 2181 ποιή-
1878 2128 1985 2169 1084

117 2219 158 2250 12
183 2216 283 2270 σει,
321 2201 624 2271 φάσκοντες
665 2199 723 2255 δὲ
764 2199 852 2254 καὶ
902 2210 1183 2269 συγγενεῖς
1229 2197 1385 2254 εἶναι.
1453 2199 1575 2269 περὶ
1614 2197 1714 2269 μὲν
1753 2196 1856 2255 οὖν

182 2291 376 2358 ταύτης
429 2297 521 2358 τῆς
574 2291 868 2359 ποιήσεως,
922 2288 986 2341 ὃν
1032 2290 1238 2356 τρόπον
1292 2290 1427 2357 ἔχει,
1481 2297 1666 2356 σαφῶς
1716 2287 1857 2357 ὑμᾶς

182 2379 413 2447 ὕστερον
452 2377 765 2446 διδάξομεν·
807 2374 930 2444 περὶ
971 2373 1031 2429 δὲ
1069 2383 1168 2429 τοῦ
1207 2375 1426 2444 γένους,
1468 2377 1540 2438 ὡς
1578 2376 1678 2429 οὐκ
1716 2374 1857 2429 εἰσὶν

183 2468 337 2537 ἡμῶν
376 2462 664 2534 ἐγγυτέρω,
705 2471 863 2517 τοῦτο
913 2464 1001 2516 δεῖ
1046 2468 1248 2532 μαθεῖν
1294 2462 1447 2532 ὑμᾶς.
1512 2463 1576 2515 ’ἓν
1615 2460 1715 2531 μὲν
1754 2458 1858 2516 οὖν

185 2556 547 2624 ὁμολογεῖται,
587 2554 646 2606 τὸ
686 2560 906 2621 κρατεῖν
953 2560 1062 2604 τῶν
1109 2555 1489 2620 κληρονομιῶν
1536 2553 1663 2614 τοὺς
1700 2551 1858 2621 ἄρρε-

184 2663 283 2707 νας
320 2641 410 2696 καὶ
449 2643 576 2704 τοὺς
616 2639 674 2694 ἐκ
714 2650 822 2693 τῶν
863 2637 1133 2709 ἀρρένων·
1182 2638 1363 2700 ἁπλῶς
1409 2639 1510 2708 γὰρ
1549 2647 1662 2701 τοῖς
1700 2638 1858 2708 ἐγγυ-

185 2731 324 2784 τάτω
363 2730 498 2799 πρὸς
531 2728 769 2797 ἀνδρῶν,
809 2727 941 2781 ὅταν
972 2728 1043 2796 μὴ
1077 2728 1265 2789 παῖδες
1303 2722 1456 2793 ὦσιν,
1497 2725 1525 2779 ὁ
1565 2729 1731 2795 νόμος
1767 2727 1862 2791 τὰς

187 2820 550 2888 κληρονομίας
590 2816 944 2870 ἀποδίδωσιν.
1007 2811 1160 2870 οὗτοι
1192 2812 1240 2868 δ’
1288 2811 1450 2883 ἐσμὲν
1489 2813 1660 2883 ἡμεῖς·
1702 2815 1862 2878 ἅπαις

164 2905 288 2972 ιμὲν
322 2907 422 2973 γὰρ
456 2906 483 2959 6
511 2903 796 2974 Ἀρχιάδης
829 2904 1169 2972 ὁμολογεῖται
1204 2900 1655 2972 τετελευτηκέναι,
1685 2902 1860 2974 τούτῳ
