2035 3158
692 131 855 173 ΠΡΟΣ
886 131 1300 174 MAKAPTATON.
1773 127 1839 181 37

161 264 347 318 ὁτιοῦν
387 266 562 318 ἔνεστι
593 265 655 318 τὸ
687 263 821 318 αὐτὸ
854 264 1028 333 ὄνομα
1060 273 1171 317 τῶν
1204 263 1263 317 έν
1295 270 1369 334 τῷ
1403 267 1680 334 Στρατίου
1712 269 1845 336 οἴκῳ

161 353 339 405 ὄντων
386 351 655 420 ἐκγόνων,
701 348 819 404 ἀλλ’
879 348 1013 405 οὐδὲ
1059 354 1466 422 παραπλήσιον·
1517 349 1634 404 ἀλλ’
1688 349 1845 404 αὐτοὶ

163 436 233 493 δι’
273 440 455 494 αὐτῶν
485 440 814 509 πορεύονται
847 437 908 492 έν
940 446 1013 511 τῷ
1055 444 1186 512 οἴκῳ
1226 446 1299 511 τῷ
1333 437 1577 508 Ἀγνίου,
1617 441 1680 492 τὰ
1721 439 1844 493 ὀνό-

161 546 300 596 ματα
329 523 457 596 παρ’
487 525 742 595 ἀλλήλων
773 527 1310 597 παραλαμβάνοντες.
1373 535 1619 597 πανταχῇ
1654 528 1721 596 δὴ
1755 526 1845 580 καὶ

160 615 334 669 πάντα
371 617 577 684 τρόπον
628 613 999 684 ἐξελέγχονται
1040 613 1093 678 ἐξ
1143 612 1332 683 ἑτέρου
1374 619 1528 667 οἴκου
1569 613 1657 668 καὶ
1697 613 1844 682 γένει

160 700 418 773 ἀπωτέρω
459 703 635 770 ὄντες,
682 700 772 755 καὶ
808 690 888 755 ὀὐ
936 711 1216 773 προσῆκον
1256 702 1441 764 αὐτοῖς
1480 707 1844 773 κληρονομεῖν

159 789 388 852 οὐδενὸς
440 799 549 842 τῶν
595 786 833 858 Ἁγνίου.
905 783 987 853 οἷς
1032 791 1134 860 γὰρ
1184 791 1415 843 δίδωσιν
1463 789 1491 844 ὁ
1543 789 1845 859 νομοθέτης

158 879 259 948 τὴν
298 877 608 948 ἀγχιστείαν
647 876 736 930 καὶ
769 879 869 946 τὴν
901 880 1293 949 κληρονομίαν,
1332 878 1560 941 τούτους
1598 877 1844 948 ἀναγνῶ·

159 980 307 1020 σεται
345 966 478 1035 ὑμῖν
517 968 646 1028 τοὺς
684 968 903 1035 νόμους.

880 1114 1105 1157 ΝΟΜΟΣ.
1862 1117 1967 1159 1067

41 1221 46 1226 ⁴
93 1218 130 1249 51
327 1203 490 1265 Ὅστις
541 1204 604 1256 ἂν
650 1204 717 1269 μὴ
759 1204 1053 1271 διαθέμενος
1101 1205 1363 1276 ἀποθάνῃ,
1410 1206 1496 1257 ἐὰν
1536 1205 1625 1271 μὲν
1663 1207 1842 1266 παῖδας

232 1287 470 1356 καταλίπῃ
509 1287 731 1351 θηλείας,
771 1286 863 1336 σὺν
902 1286 1158 1357 ταύτῃσιν,
1198 1286 1284 1336 ἐὰν
1325 1285 1376 1337 δὲ
1418 1286 1503 1352 μὴ,
1543 1287 1716 1338 τούσδε
1754 1307 1839 1336 κυ-

204 1367 370 1433 ,ρίους
407 1362 534 1416 εἶναι
573 1374 670 1417 τῶν
709 1366 979 1432 χρημάτων.
1057 1366 1142 1417 ἐὰν
1182 1365 1272 1432 μὲν
1320 1367 1529 1432 ἀδελφοὶ
1568 1361 1687 1418 ὦσιν
1726 1366 1841 1432 ὅμο-

230 1447 456 1512 πάτορες·
510 1446 592 1497 καὶ
639 1446 725 1497 ἐὰν
771 1448 944 1507 παῖδες
992 1447 1039 1507 ἐξ
1079 1447 1310 1512 ἀδελφῶν
1350 1450 1573 1515 γνήσιοι,
1626 1447 1715 1512 τὴν
1753 1457 1840 1499 τοῦ

229 1527 408 1593 πατρὸς
459 1533 637 1593 μοῖραν
687 1528 964 1595 λαγχάνειν’
1019 1527 1104 1578 ἐὰν
1156 1528 1207 1580 δὲ
1261 1529 1327 1595 μὴ
1380 1529 1585 1592 ἀδελφοὶ
1636 1524 1755 1580 ὦσιν
1807 1529 1839 1596 ἢ

230 1608 460 1675 ἀδελφῶν
499 1611 701 1675 παῖδες,
748 1626 777 1658 *
801 1626 831 1659 ποι
855 1626 883 1658 *
923 1610 971 1671 ἐξ
1013 1611 1173 1661 αὐτῶν
1212 1611 1332 1661 κατὰ
1373 1611 1521 1661 ταύτὰ
1561 1611 1840 1679 λαγχάνειν·

229 1695 421 1759 κρατεῖν
461 1688 513 1740 δὲ
551 1691 666 1750 τοὺς
704 1689 909 1756 ἄρρενας
959 1691 1041 1742 καὶ
1080 1692 1194 1751 τοὺς
1234 1691 1286 1742 ἐκ
1325 1700 1422 1742 τῶν
1463 1691 1707 1757 ἀρρένων,
1755 1692 1841 1742 ἐὰν

227 1771 282 1823 ἐκ
319 1779 416 1822 τῶν
457 1770 620 1821 αὐτῶν
660 1767 773 1835 ὦσι,
820 1773 900 1823 καὶ
947 1773 1032 1823 ἐὰν
1082 1771 1209 1840 γένει
1248 1771 1493 1837 ἀπωτέρω.
1556 1773 1641 1822 ἐὰν
1681 1772 1733 1824 δὲ
1772 1773 1838 1839 μὴ

229 1848 318 1904 ὦσι
354 1844 475 1918 πρὸς
513 1853 694 1917 πατρὸς
731 1851 866 1920 μέχρι
904 1853 1126 1915 ἀνεψιῶν
1165 1855 1382 1916 παίδων,
1430 1853 1544 1913 τοὺς
1583 1852 1706 1921 πρὸς
1748 1875 1839 1918 μη-

229 1934 337 2002 τρὸς
371 1933 479 1998 [τοῦ
511 1932 716 2001 ἀνδρὸς]
749 1933 870 1984 κατὰ
902 1934 1050 1984 ταύτὰ
1082 1935 1284 1999 κυρίους
1316 1929 1453 1984 εἶναι.
1503 1933 1590 1983 ἐὰν
1615 1931 1668 1983 δὲ
1692 1935 1840 1999 μηδε-

229 2014 442 2082 τέρωθεν
467 2008 498 2086 ᾗ
525 2015 659 2075 ἐντὸς
689 2015 893 2077 τούτων,
934 2014 1016 2065 τὸν
1041 2014 1165 2079 πρὸς
1199 2014 1377 2079 πατρὸς
1403 2014 1643 2082 ἐγγυτάτω
1667 2015 1841 2076 κύριον

228 2093 368 2147 εἶναι.
438 2097 578 2168 νόθῳ
633 2095 685 2146 δὲ
738 2095 861 2162 μηδὲ
908 2097 1041 2168 νόθῃ
1090 2097 1156 2161 μὴ
1205 2092 1332 2147 εἶναι
1389 2096 1661 2164 ἀγχιστείαν
1707 2094 1834 2162 μήθ’

229 2179 371 2242 ἱερῶν
411 2175 534 2242 μήθ’
579 2175 749 2240 ὁσίων,
789 2175 874 2227 ἀπ’
919 2178 1194 2229 Εὐκλείδου
1235 2177 1481 2242 ἄρχοντος.

90 2307 130 2339 52
268 2286 596 2355 Διαρρήδην
645 2285 791 2353 λέγει
832 2286 862 2340 ὁ
902 2289 1072 2355 νόμος
1110 2283 1152 2340 ὦ
1194 2287 1393 2356 ἄνδρες
1439 2287 1714 2356 δικασταί,
1759 2280 1841 2350 οἷς

154 2375 243 2427 δεῖ
276 2375 376 2442 τὴν
415 2378 787 2444 κληρονομίαν
835 2371 999 2428 εἶναι·
1051 2375 1117 2428 οὐ
1165 2376 1238 2444 μὰ
1279 2372 1378 2426 Δί’
1425 2375 1492 2428 οὐ
1533 2377 1839 2449 Θεοπόμπῳ

154 2459 284 2516 οὐδὲ
333 2463 681 2536 Μακαρτάτῳ
737 2470 810 2535 τῷ
868 2466 1199 2532 Θεοπόμπου
1246 2463 1383 2531 υἱεῖ,
1438 2473 1551 2526 τοῖς
1595 2460 1733 2533 μηδὲ
1779 2467 1839 2518 τὸ

152 2551 407 2621 παράπαν
448 2550 508 2604 ἐν
545 2558 620 2623 τῷ
663 2556 795 2622 οἴκῳ
846 2547 969 2605 οὖσι
1016 2559 1090 2622 τῷ
1123 2549 1362 2619 Ἁγνίου.
1425 2550 1562 2604 ἀλλὰ
1601 2554 1710 2605 τίνι
1749 2551 1839 2606 καὶ

155 2640 409 2704 δίδωσιν;
449 2649 562 2702 τοῖς
602 2639 851 2707 ἐκγόνοις
881 2649 996 2702 τοῖς
1026 2637 1273 2708 Ἁγνίου,
1312 2648 1424 2702 τοῖς
1464 2635 1626 2693 οὖσιν
1666 2640 1725 2694 ἐν
1765 2648 1837 2712 τῷ

153 2731 286 2801 οἴκῳ
318 2734 391 2799 τῷ
426 2726 653 2780 ἐκείνου.
719 2735 885 2781 ταῦτα
925 2726 1015 2781 καὶ.
1056 2728 1085 2782 ὁ
1117 2731 1287 2798 νόμος
1327 2726 1489 2796 λέγει,
1528 2726 1618 2781 καὶ
1657 2729 1717 2783 τὸ
1758 2730 1838 2782 δι’·

153 2834 310 2869 καιον
348 2815 521 2878 οὕτως
559 2817 681 2886 ἔχει.

87 2917 127 2949 53
267 2903 351 2957 Οὐ
396 2906 587 2956 τοίνυν
635 2900 677 2957 ὦ
725 2904 923 2973 ἄνδρες
970 2903 1218 2958 δικασταὶ
1266 2913 1432 2958 ταῦτα
1480 2901 1582 2974 μὲν
1629 2906 1834 2958 ἔδωκεν
