2035 3158
196 149 308 202 202
701 148 822 190 Lm.
868 141 1376 204 [ΔΗΜΟΣΘΕΝΟΤΣ]

197 290 396 337 τοῦτον
447 278 755 349 πέμποντος
804 279 1002 332 τούτου
1062 276 1207 349 αὐτῷ
1260 274 1594 343 ἐπιστολάς,
1630 273 1720 328 καὶ
1771 275 1880 344 ἅμα

206 373 377 432 λέγων
422 370 559 437 πρὸς
605 363 695 435 ἐμὲ
744 366 816 428 ὡς
862 364 1052 419 ἀκούοι
1099 364 1266 418 αὐτὸν
1315 365 1507 426 δεινῶς
1553 363 1879 416 διακεῖσθαι.

153 475 177 508 τ
202 457 438 519 ἀκούσας
469 452 519 508 δ’
559 454 664 522 ἐγὼ
700 461 865 507 ταῦτα
897 450 986 506 καὶ
1027 448 1432 522 συναχθεσθεὶς
1461 447 1548 504 ἐπὶ
1585 457 1649 519 τῇ
1689 449 1881 522 ἀτυχίᾳ

200 550 263 613 τῇ
297 543 513 611 τούτου,
552 539 864 594 ἀποστέλλω
897 542 1002 610 τὸν,
1025 543 1280 593 Δείνωνα
1311 540 1408 593 τὸν
1438 537 1680 607 ἀδελφὸν
1710 537 1881 592 αὐτοῦ
1934 568 1939 575 ·

198 630 372 692 εὐθὺς
411 628 497 682 ἐπὶ
536 637 752 696 τοῦτον,
792 629 924 690 δοὺς
956 627 1183 696 ἐφόδιον
1216 627 1361 698 αὐτῷ
1403 629 1714 696 τριακοσίας
1752 627 1880 694 δρα-

202 718 354 787 χμάς.
417 716 747 787 ἀφικόμενος
779 712 829 769 δ’
864 711 1028 778 ὀὗτος
1059 714 1149 768 καὶ
1183 715 1366 768 ἐλθὼν
1405 714 1478 777 ὡς
1519 711 1608 783 ἐμὲ
1646 722 1883 783 πρῶτον,

198 805 464 872 ἠσπάζετο
502 803 594 857 καὶ
635 801 823 872 ἐπῄνει
861 802 943 855 ὅτι
975 802 1249 872 παρέσχον
1281 803 1345 854 τὰ
1378 802 1573 871 ἐφόδια
1611 808 1684 873 τῷ
1726 800 1880 854 ἀδελ·

196 900 285 963 φῷ
343 891 542 960 αὐτοῦ,
603 890 694 944 καὶ
745 890 988 959 ὠδύρετο
1043 892 1144 959 τὴν
1198 889 1370 942 αὑτοῦ
1421 890 1741 959 συμφορὰν,
1792 888 1879 942 καὶ

199 990 518 1049 κατηγορῶν
564 980 672 1048 ἅμα
720 988 828 1032 τῶν
877 977 1072 1032 ἑαυτοῦ
1119 979 1335 1031 οἰκείων
1382 976 1555 1031 ἐδεῖτό
1600 996 1708 1046 μου
1752 980 1882 1046 βοη-

200 1073 371 1137 θῆσαι
419 1067 592 1139 αὐτῷ,
641 1067 820 1136 ὥσπερ
868 1064 957 1119 καὶ
1005 1065 1064 1119 ἐν
1112 1072 1185 1137 τῷ
1237 1068 1547 1134 ἔμπροσθεν
1594 1067 1774 1138 χρόνῳ
1813 1061 1881 1133 ἣν

201 1154 324 1223 περὶ
355 1155 524 1209 αὐτὸν
556 1154 823 1224 ἀληθινὸς
853 1157 1034 1223 φίλος·
1067 1151 1157 1206 καὶ
1189 1153 1373 1205 κλάων
1411 1153 1541 1221 ἅμα,
1578 1151 1669 1206 καὶ
1707 1150 1882 1220 λέγων

203 1243 286 1296 ὅτι
317 1242 370 1308 ἓξ
405 1241 494 1296 καὶ
527 1248 699 1296 εἴκοσι
730 1251 884 1312 μνῶν
917 1239 1212 1310 λελυμένος
1243 1246 1344 1309 εἴη,
1378 1242 1704 1309 εἰσενεγκεῖν
1736 1239 1881 1312 αὐτῷ

152 1352 179 1383 ε
203 1351 254 1383 τι
294 1329 510 1384 ἐκέλευέ
545 1350 609 1399 με
649 1332 726 1393 εἰς
765 1330 829 1383 τὰ
869 1331 1054 1399 λύτρα.
1115 1336 1285 1382 ταῦτα
1319 1326 1366 1382 δ’
1407 1327 1512 1396 ἐγὼ
1546 1327 1763 1381 ἀκούων
1794 1326 1879 1380 καὶ

204 1418 426 1487 ἐλεήσας
464 1427 691 1486 τοῦτον,
729 1416 820 1470 καὶ
860 1418 968 1486 ἅμα
1008 1417 1154 1486 ὁρῶν
1193 1425 1370 1478 κακῶς
1409 1418 1755 1484 διακείμενον
1793 1414 1881 1468 καὶ

204 1507 528 1560 δεικνύοντα
568 1506 694 1574 ἕλκη
737 1505 796 1559 ἐν
835 1514 950 1567 ταῖς
989 1506 1220 1573 κνήμαις
1258 1504 1364 1558 ὑπὸ
1406 1504 1649 1572 δεσμῶν,
1689 1498 1767 1556 ὧν
1807 1506 1882 1556 ἔτι

202 1595 297 1658 τὰς
342 1594 508 1657 οὐλὰς
554 1597 688 1665 ἔχει,
738 1591 829 1646 καὶ
876 1592 971 1646 ἐὰν
1017 1593 1305 1660 κελεύσητε
1351 1591 1522 1645 αὐτὸν
1569 1590 1767 1659 δεῖξαι,
1817 1590 1884 1645 οὐ

203 1685 275 1752 μὴ
315 1685 553 1754 θελήσῃ,
601 1682 976 1751 ἀπεκρινάμην
1022 1681 1167 1752 αὐτῷ
1217 1680 1300 1733 ὅτι
1345 1678 1436 1733 καὶ
1475 1679 1535 1733 ἐν
1573 1685 1646 1751 τῷ
1687 1676 2015 1749 ἔμπρο-ιὲε

203 1777 345 1824 σθεν
383 1774 564 1843 χρόνῳ
605 1776 724 1839 εἴην
757 1769 902 1841 αὐτῷ
938 1772 1097 1837 φίλος
1129 1767 1413 1837 ἀληθινός,
1452 1765 1541 1820 καὶ
1578 1775 1684 1820 νῦν
1724 1765 1784 1820 ἐν
1821 1773 1885 1837 τῇ

203 1865 462 1930 συμφορᾷ
502 1859 838 1927 βοηθήσοιμι
879 1857 1056 1928 αὐτῷ,
1095 1854 1184 1909 καὶ
1223 1857 1317 1918 τάς
1354 1874 1410 1908 τε
1449 1857 1787 1925 τριακοσίας,
1824 1853 1886 1916 ἃς

205 1955 278 2019 τῷ
320 1946 540 2018 ἀδελφῷ
584 1948 762 1998 ἔδωκα
803 1945 1031 2014 ε’φόδιον
1080 1945 1167 1997 ὅτε
1216 1943 1503 2013 ἐπορεύετο
1545 1941 1631 1997 ἐπὶ
1669 1950 1886 2010 τοῦτον,

207 2034 426 2104 ἀφιείην
465 2034 640 2106 αὐτῷ,
679 2035 856 2104 χιλίας
904 2052 959 2085 τε
1001 2032 1244 2102 δραχμὰς
1283 2034 1481 2101 ἔρανον
1520 2031 1665 2102 αὐτῷ
1706 2031 1784 2092 εἰς
1819 2036 1884 2083 τὰ

155 2140 182 2170 ⁹
207 2124 376 2195 λύτρα
421 2124 727 2190 εἰσοίσοιμι.
789 2118 879 2173 καὶ
925 2128 1085 2173 τοῦτο
1133 2119 1199 2173 οὐ
1246 2121 1392 2192 λόγῳ
1445 2115 1545 2188 μὲν
1589 2118 1886 2188 ὑπισχνού-

206 2231 332 2280 μην,
370 2212 512 2283 ἒργςο
554 2206 607 2262 δ’
647 2209 748 2262 οὐκ
792 2207 1036 2276 ἐποίησα,
1077 2204 1195 2260 ἀλλ’
1235 2206 1419 2276 ἐπειδὴ
1464 2206 1564 2260 οὐκ
1601 2205 1885 2276 ηὐπόρουν

205 2299 504 2367 ἀργυρίου,
557 2297 648 2350 διὰ
699 2297 759 2350 τὸ
813 2297 1091 2365 διαφόρως
1141 2297 1284 2365 ἔχειν
1333 2301 1408 2366 τῷ
1461 2297 1746 2364 Φορμίωνι
1793 2291 1884 2346 καὶ

203 2386 628 2455 ἀποστερεῖσθαι
666 2381 764 2437 ὑπ’
807 2383 977 2436 αὐτοῦ
1015 2383 1116 2451 τὴν
1165 2382 1361 2436 οὐσίαν
1398 2382 1468 2451 ἥν
1507 2401 1600 2451 μοι
1640 2381 1669 2436 ὁ
1707 2381 1884 2452 πατὴρ

203 2472 472 2540 κατέλιπε,
511 2475 738 2542 κομίσας
769 2473 841 2534 ὡς
875 2469 1114 2525 Θεοκλέα
1144 2471 1242 2524 τὸν
1280 2473 1399 2525 τότε
1439 2469 1885 2540 τραπεζιτεύοντα

205 2561 493 2630 ἐκπώματα
531 2558 621 2613 καὶ
661 2557 933 2628 στέφανον
971 2566 1233 2629 χρυσοῦν,
1273 2557 1306 2611 ἃ
1344 2556 1470 2627 παρ’
1517 2554 1638 2627 ἐμοὶ
1677 2555 1736 2609 ἐκ
1772 2565 1883 2610 τῶν

204 2646 473 2721 πατρςόων
514 2650 644 2702 ὄντα
684 2646 1005 2716 ἐτύγχανεν,
1053 2643 1309 2698 ἐκέλευσα
1359 2646 1553 2699 δοῦναι
1592 2644 1767 2717 τούτῳ
1805 2663 1885 2714 χι·

207 2740 324 2800 λίας
357 2735 615 2805 δραχμάς,
655 2731 744 2787 καὶ
775 2741 937 2787 τοῦτο
970 2735 1147 2786 ε”δωκα
1180 2732 1416 2802 δωρειὰν
1447 2730 1592 2804 αὐτῷ
1625 2732 1685 2785 τὸ
1719 2730 1884 2801 ἀργύ-

139 2840 182 2870 ι)
207 2843 348 2894 ριον,
387 2821 478 2875 καὶ
517 2822 766 2891 ὁμολογῶ
809 2819 1122 2874 δεδωκέναι.
1194 2817 1417 2889 ἡμέραις
1456 2816 1506 2872 δ’
1553 2819 1620 2873 οὐ
1659 2823 1886 2883 πολλαῖς

205 2911 438 2980 ὕστερον
488 2909 816 2981 προσελθών
866 2928 958 2978 μοι
1007 2907 1190 2962 κλάων
1241 2910 1455 2976 ἔλεγεν,
1504 2904 1589 2960 ὅτι
1638 2905 1698 2960 οἷ
1737 2903 1884 2970 ξένοι
