2035 3158
106 1429 146 1461 20

105 2136 144 2167 21

734 136 897 178 ΠΡΟΣ
929 136 1285 178 ΠΟΛΤΚΛΕΑ.
1748 135 1852 187 169

174 289 225 322 τε
267 272 630 338 παραμείνασι
678 278 787 322 τῶν
833 267 1076 338 ἀρχαίων
1123 276 1340 321 ναυτῶν
1381 268 1558 321 ἔδωκά
1596 288 1673 336 τι,
1720 269 1855 322 ὅσον

171 353 340 428 εἶχον,
380 356 565 426 ἐπειδή
605 377 698 426 μοι
737 356 766 411 ὁ
805 358 1002 426 χρόνος
1034 355 1184 425 ἐξῆκε
1225 363 1320 423 τῆς
1358 359 1724 425 τριηραρχίας,
1765 353 1855 409 καὶ

174 444 390 515 ἑτέρους
433 447 636 507 ναύτας
683 444 1108 513 ἐντελομίσθους
1152 443 1525 513 προσέλαβον,
1572 443 1631 497 ἐν
1672 444 1782 517 ὅσω
1823 444 1855 498 ὁ

173 536 470 603 στρατηγὸς
501 535 598 587 τὸν
630 531 914 586 ἀνάπλουν
946 534 1042 585 τὸν
1075 530 1160 603 ἐφ’
1198 530 1372 602 Ἱερὸν
1411 532 1853 602 παρεσκευάζετο.

173 620 358 690 ἐπειδὴ
392 618 443 674 δ’
482 620 512 675 ὅ
543 640 600 674 τε
633 616 940 689 Εὐκτήμων
972 616 1102 688 ἧκεν
1141 619 1199 672 ἐκ
1238 628 1332 688 τῆς
1355 620 1664 688 Λαμψάκου
1703 622 1855 688 ἄγων

172 711 300 772 τοὺς
337 710 540 771 ναύτας
579 708 675 771 οὓς
714 707 1079 777 ἐμισθώσατο,
1118 706 1208 761 καὶ
1247 708 1276 762 ὁ
1311 709 1611 777 στρατηγὸς
1648 712 1855 777 παρήγ-

172 801 352 864 γειλεν
391 797 725 864 ἀνάγεσθαι,
764 803 837 868 τῷ
879 793 979 865 μὲν
1019 796 1332 865 Εὐκτήμονῖ
1373 795 1677 865 ἀσθενῆσαι
1718 796 1856 860 ἐξαί-

170 905 312 953 φνης
358 883 590 953 συνέβη,
637 883 726 937 καὶ
765 885 911 937 πάνυ
951 894 1204 953 πονηρῶς
1245 882 1485 952 διετέθη·
1539 885 1713 958 τούτῳ
1755 881 1856 952 μὲν

171 968 274 1025 οὖν
328 972 569 1035 ἀποδοὺς
615 973 712 1026 τὸν
762 974 969 1041 μισθὸν
1020 972 1110 1025 καὶ
1163 971 1358 1041 ἐφόδια
1408 970 1678 1041 προσθεὶς
1730 970 1854 1024 ἀπέ-

169 1070 356 1130 πεμψα
387 1062 600 1115 οἶκαδε·
642 1060 805 1123 αὐτὸς
838 1059 897 1113 δὲ
929 1064 1403 1130 πεντηκόνταρχον
1443 1059 1630 1130 ἕτερον
1670 1061 1856 1129 λαβὼν

171 1149 454 1218 ἀνηγόμην
505 1147 590 1201 ἐπὶ
640 1149 741 1217 τὴν
799 1149 1167 1218 παραπομπὴν
1218 1156 1317 1201 τοῦ
1365 1150 1547 1217 σίτου,
1610 1147 1699 1201 καὶ
1749 1148 1863 1201 ἐκεῖ

170 1235 483 1306 περιέμεινα
521 1235 681 1289 πέντε
720 1234 810 1289 καὶ
849 1236 1243 1305 τετταράκοντα
1285 1234 1529 1313 ἡμέρας,
1564 1236 1664 1300 ἕως
1703 1237 1732 1291 ὁ
1774 1240 1857 1290 ἐκ·

171 1329 342 1387 πλους
379 1334 489 1377 τῶν
520 1327 729 1377 πλοίων
761 1333 872 1377 τῶν
912 1323 1023 1392 μετ’
1065 1324 1370 1393 ἀρκτοῦρον
1412 1323 1470 1376 ἐκ
1509 1333 1607 1377 τοῦ
1633 1327 1857 1378 Πόντου

173 1410 400 1481 ἐγένετο.
465 1412 795 1481 ἀφικόμενος
850 1409 898 1465 δ’
954 1414 1031 1475 εἰς
1081 1415 1333 1481 Σηστόν,
1390 1411 1493 1481 ἐγὼ
1545 1410 1646 1481 μὲν
1701 1412 1857 1483 ᾤμην

172 1502 356 1554 οἴκαδε
396 1502 896 1569 καταπλεύσεσθαι,
943 1509 1041 1555 τοῦ
1087 1521 1143 1554 τε
1192 1503 1399 1570 χρόνου
1439 1521 1531 1569 μοι
1573 1500 1858 1569 ἐξήκοντος

170 1588 259 1642 καὶ
310 1587 939 1659 ἐπιτετριηραρχημένων
993 1591 1098 1658 ἤδη
1155 1610 1247 1658 μοι
1304 1591 1463 1642 δυοῖν
1518 1598 1717 1658 μηνοῖν
1765 1587 1857 1642 καὶ

171 1679 433 1750 διαδόχου
480 1677 580 1747 οὐχ
626 1678 856 1746 ἥκοντος
896 1675 982 1730 ἐπὶ
1032 1679 1132 1746 τὴν
1172 1686 1335 1730 ναῦν·
1386 1677 1414 1730 ὁ
1457 1674 1516 1730 δὲ
1558 1679 1856 1746 στρατηγὸς

180 1751 509 1835 Τιμόμαχος,
557 1764 910 1834 ἀφικομένων
950 1765 1022 1828 ὡς
1061 1765 1230 1818 αὐτὸν
1269 1764 1550 1834 πρέσβεων
1592 1769 1854 1834 Μαρωνι-

170 1864 279 1907 τῶν
332 1851 423 1906 καὶ
478 1852 756 1922 δεομένων
811 1853 995 1916 αὐτοῖς
1048 1854 1112 1905 τὰ
1165 1858 1327 1906 πλοῖα
1383 1852 1734 1923 παραπέμψαι
1792 1854 1854 1906 τὰ
1874 1868 1987 1910 1213

172 1941 390 2011 σιτηγά,
435 1939 764 2011 προσέταξεν
803 1940 935 2011 ἡμῖν
974 1951 1088 2003 τοῖς
1127 1941 1476 2011 τριηράρχοις
1515 1940 1856 2011 ἀναδησαμέ-

172 2049 289 2093 νοις
318 2029 383 2083 τὰ
414 2034 580 2083 πλοῖα
613 2029 792 2083 ἕλκειν
824 2031 902 2092 είς
931 2030 1291 2098 Μαρώνειαν,
1330 2033 1507 2082 πλοῦν
1546 2028 1636 2082 καὶ
1676 2033 1855 2082 πολὺν

171 2116 261 2171 καὶ
298 2118 576 2186 πελάγιον.
638 2116 728 2193 καὶ
767 2115 927 2171 ταῦθ’
974 2117 1107 2186 ὑμῖν
1148 2118 1239 2169 διὰ
1279 2124 1447 2170 ταῦτα
1487 2118 1696 2170 ἅπαντα
1739 2120 1857 2187 διη-

173 2207 423 2275 γησάμην
477 2205 530 2270 ἐξ
585 2205 780 2276 ἀρχῆς,
831 2202 904 2258 ἵν’
957 2207 1135 2274 εἰδῆτε
1198 2205 1297 2257 ὅσα
1349 2204 1644 2274 ἀνηλωκὼς
1694 2206 1857 2269 αὐτὸς

172 2292 261 2347 καὶ
299 2293 488 2362 ἡλίκης
534 2313 626 2362 μοι
675 2292 1037 2362 γεγενημένης
1084 2301 1178 2362 τῆς
1217 2296 1570 2363 λῃτουργίας,
1623 2293 1857 2361 ὕστερον

171 2381 274 2435 ὅσα
314 2381 639 2450 ἀναλώματα
679 2378 815 2450 ὑπὲρ
867 2382 1066 2434 τούτου
1106 2381 1362 2449 ἀνήλωσα
1405 2381 1858 2450 ἐπιτριηραρχῶν,

173 2470 272 2540 οὐχ
302 2469 533 2538 ἥκοντος
562 2470 760 2523 τούτου
794 2468 877 2522 ἐπὶ
911 2470 1011 2538 τὴν
1044 2477 1204 2535 ναῦν,
1242 2468 1331 2522 καὶ
1364 2470 1661 2531 κινδύνους
1692 2470 1856 2532 ὅσους

173 2557 535 2611 ἐκινδύνευσα
582 2558 745 2620 αὐτὸς
790 2561 925 2628 πρός
971 2577 1025 2611 τε
1074 2568 1341 2627 χειμῶνας
1387 2557 1476 2610 καὶ
1522 2559 1658 2627 πρὸς
1696 2562 1855 2610 πολε-

172 2649 342 2714 μίους.
404 2646 536 2715 μετὰ
576 2647 679 2716 γὰρ
720 2647 819 2714 τὴν
851 2647 1219 2714 παραπομπὴν
1251 2655 1360 2698 τῶν
1391 2648 1599 2698 πλοίων
1639 2647 1738 2714 τὴν
1777 2647 1856 2710 εἰς

172 2735 510 2804 ΔΜαρώνειαν
556 2733 645 2787 καὶ
692 2735 794 2803 τὴν
841 2733 1028 2803 ἄφιξιν
1075 2735 1174 2802 τὴν
1214 2735 1290 2796 είς
1331 2734 1543 2802 Θάσον,
1594 2733 1853 2803 ἀφικόμε-

171 2842 267 2885 νος
304 2821 616 2893 παρέπεμπε
656 2822 822 2875 πάλιν
870 2821 899 2876 ὁ
954 2824 1262 2892 Τιμόμαχος
1309 2822 1442 2890 μετὰ
1481 2831 1590 2874 τῶν
1632 2824 1854 2876 Θασίων

170 2911 249 2974 εἰς
289 2912 434 2980 [τὴν]
461 2911 725 2978 Στρύμην
766 2919 918 2963 σῖτον
951 2908 1039 2962 καὶ
1071 2911 1386 2978 πελταστάς,
1426 2909 1498 2972 ὡς
1535 2911 1852 2978 παραληψό-
