2035 3158
194 139 296 189 1⁶28
652 139 854 183 vam.
894 138 1399 198 [ΔΗΜΟΣΘΕΝΟΤΣ]

189 282 359 339 χρῆται
396 273 519 339 πρὸς
565 274 679 335 τοὺς
723 274 1037 339 νενικηκότας
1081 273 1164 324 καὶ
1201 273 1347 335 αὐτὸς
1383 272 1467 325 καὶ
1505 272 1532 326 ὅ
1568 275 1864 341 Καλλίστρα-
1895 284 1898 286 ’
1969 280 1974 335 j

189 372 298 417 τος,
349 354 615 415 δεδωκότος
666 363 805 405 τοῦτο
853 364 941 406 τοῦ
988 355 1160 420 νόμου.
1235 354 1318 404 καὶ
1367 352 1729 420 ἀμφισβητοῦσι
1777 364 1864 404 τοῦ

190 434 373 500 κλήρου
411 435 636 500 καθάπερ
668 433 715 494 ἐξ
748 434 915 500 ἀρχῆς,
955 434 980 486 ὅ
1013 433 1099 500 μὲν
1135 444 1222 485 τοῦ
1260 433 1474 500 ἡμίσεος,
1513 433 1539 486 ὅ
1571 433 1623 485 δὲ
1660 433 1743 485 καὶ
1778 443 1864 485 τοῦ

191 514 322 564 ὅλου.
381 514 612 580 πρότερος
659 512 710 564 δὲ
755 514 909 582 λέγων
951 510 1345 582 Ὀλυμπιόδωρος
1388 520 1502 585 νικᾷ
1547 516 1633 566 τὸν
1670 520 1864 583 κλῆρον.

189 594 395 657 νικήσας
427 592 478 643 δὲ
509 594 591 644 καὶ
622 594 785 661 λαβὼν
817 596 946 660 ὅλον,
986 596 1076 646 οὐκ
1106 595 1297 661 ἐμμένει
1332 600 1437 656 ταῖς
1475 596 1754 660 συνθήκαις
1789 592 1868 658 αἶς

191 673 238 734 ἐξ
271 673 420 740 ἀρχῆς
451 673 726 740 ἐποιήσατο,
770 674 883 726 οὐδὲ
915 678 1086 726 δίδωσι
1117 675 1174 725 τὰ
1204 674 1379 740 ἡμίσεα
1415 680 1480 746 τῷ
1511 677 1866 747 Καλλιστράτῳ.

144 776 168 810 ε
195 754 220 805 ὁ
259 751 304 804 δ’
348 755 498 806 αὐτὸν
545 755 744 805 ἀπαιτεῖ
779 755 860 805 καὶ
904 764 1002 806 τῶν
1047 756 1383 822 ἐβδομήκοντα
1427 765 1564 821 μνῶν
1602 765 1699 807 τῶν
1735 758 1866 824 παρὰ

190 845 276 885 τοῦ
309 837 607 901 Μοσχίωνος
637 837 689 886 τὸ
721 837 872 901 ἥμισυ
911 836 994 886 καὶ
1032 845 1117 902 τῆς
1157 836 1272 900 ὅλης
1312 837 1496 902 οὐσίας,
1536 843 1638 898 ταῖς
1677 839 1862 903 συνθή-

189 936 298 977 καις
323 917 696 983 ἰσχυριζόμενος,
728 917 810 967 καὶ
839 916 991 983 λέγων
1014 917 1096 967 καὶ
1133 916 1186 967 ἐν
1216 927 1274 988 τῇ
1306 919 1547 987 τελευταίᾳ
1580 919 1691 989 δίκῃ
1716 934 1867 969 συνα-

190 999 499 1064 γωνίσασθαι
529 1003 593 1067 τῷ
629 994 1021 1068 Ὀλυμπιοδώρῳ,
1060 996 1142 1046 καὶ
1182 997 1597 1065 συγκεχωρηκέναι
1633 999 1716 1050 καὶ
1753 1001 1867 1060 τοὺς
2007 1053 2009 1055 .

191 1078 366 1143 λόγους
405 1079 558 1128 εἰπεῖν
597 1078 683 1139 οὓς
722 1079 942 1145 ἐβούλετο
972 1078 1054 1128 καὶ
1094 1080 1336 1145 μάρτυρας
1373 1078 1707 1146 παρασχέσθαι
1743 1094 1869 1145 ψευ-
1939 1082 1943 1084 ’
1998 1078 1999 1082 “

193 1161 319 1225 δεῖς,
370 1159 484 1224 οὓς,
534 1159 579 1208 εἰ
627 1159 692 1223 μὴ
744 1169 887 1230 κοινῇ
938 1159 1020 1209 καὶ
1071 1159 1434 1226 συντεθειμένοι
1471 1160 1593 1226 πρὸς
1631 1160 1869 1226 ἀλλήλους

192 1238 514 1306 ἠγωνίζοντο,
563 1241 744 1309 ῥᾳδίως
790 1239 853 1289 ἂν
898 1239 1108 1306 ἐλέγξαι,
1157 1241 1240 1290 καὶ
1277 1241 1367 1291 οὐκ
1406 1240 1543 1290 ἐᾶσαι
1578 1241 1663 1292 τὸν
1698 1238 1870 1307 Ὀλυμ-

191 1321 439 1387 πιόδωρον
477 1329 673 1386 νικῆσαι
711 1320 801 1384 τὴν
841 1321 1001 1385 δίκην.

300 1499 622 1569 Ἀναγκαῖον
668 1507 796 1563 ῖσως
830 1499 976 1554 ἐστὶν
1009 1496 1050 1553 ὦ
1083 1502 1279 1570 ἄνδρες
1311 1502 1577 1570 δικασταί,
1616 1499 1706 1555 καὶ
1743 1504 2018 1577 τοὺςιιθζ

193 1591 265 1659 μὴ
299 1592 564 1651 εἰωθότας
595 1585 733 1657 μηδὲ
765 1588 1108 1658 δυναμένους
1141 1591 1313 1641 εἰπεῖν
1346 1588 1573 1641 εἰσιέναι
1606 1591 1681 1652 εἰς
1721 1591 1871 1642 δικα-
2013 1583 2016 1587 ’

195 1680 449 1746 στήριον,
501 1676 722 1729 ἐπειδὰν
760 1677 868 1730 ὑπό
919 1696 1066 1739 τινος
1105 1676 1427 1744 ἀδικῶνται,
1473 1677 1650 1739 ἄλλως
1686 1696 1741 1730 τε
1780 1677 1870 1730 καὶ

192 1764 289 1833 ὑφ’
338 1761 415 1817 ὧν
467 1765 658 1833 ἥκιστα
712 1773 985 1833 προσῆκεν
1041 1764 1384 1832 ἀδικεῖσθαι,
1438 1757 1558 1818 οἷον
1611 1763 1701 1817 καὶ
1752 1765 1871 1834 ἐμοὶ
1996 1746 2021 1806 3

192 1853 320 1908 νυνὶ
355 1855 657 1921 συμβαίνει.
720 1852 786 1905 οὐ
818 1854 1154 1920 βουλόμενος
1185 1853 1287 1921 γὰρ
1321 1848 1362 1904 ὦ
1396 1854 1592 1920 ἄνδρες
1624 1853 1871 1906 δικασταὶ
1987 1837 2022 1991 ἒ

194 1942 559 2010 ἀγωνίζεσθαι
582 1942 716 2008 πρὸς
743 1938 1190 2008 Ὀλυμπιόδωρον
1217 1943 1420 1993 οἰκεῖον
1447 1942 1577 1994 ὄντα
1601 1939 1690 1993 καὶ
1715 1940 1871 1994 ἀδελ·
1963 1927 1969 1936 x
1997 1990 2018 2005 ,s

193 2031 305 2099 φὴν
351 2029 549 2081 τούτου
598 2030 762 2097 ἔχων,
809 2028 1151 2096 ἠνάγκασμαι
1201 2028 1290 2080 διὰ
1337 2030 1397 2081 τὸ
1437 2025 1624 2096 μεγάλ’
1671 2027 1871 2082 ἀδικεῖ-

143 2144 172 2174 2
196 2123 327 2170 σθαι
366 2117 472 2170 ὑπὸ
513 2117 724 2170 τούτου.
804 2119 854 2169 εἰ
891 2113 991 2186 μὲν
1030 2113 1132 2170 οὖν
1184 2118 1255 2185 μὴ
1297 2116 1656 2185 ἀδικούμενος
1696 2113 1737 2169 ὦ
1777 2119 1872 2170 ἄν·

195 2207 320 2273 δρες
359 2206 625 2272 δικασταί,
665 2203 802 2257 ἀλλὰ
837 2205 1042 2268 ψεῦδός
1080 2225 1130 2257 τι
1172 2204 1414 2273 ἐγκαλῶν
1446 2202 1871 2277 Ὀλυμπιοδώρῳ
1908 2238 1911 2239 ⁷

195 2294 404 2346 τούτων
443 2312 493 2344 τι
535 2291 786 2360 ἐποίουν,
833 2292 865 2360 ἢ
907 2303 1019 2355 τοῖς
1067 2292 1392 2360 ἐπιτηδείοις
1436 2302 1549 2355 τοῖς
1596 2293 1744 2362 ἐμοῖς
1782 2293 1871 2346 καὶ
1996 2285 2019 2430 q

191 2378 636 2448 Ὀλυμπιοδώρου
684 2382 755 2449 μὴ
807 2380 1017 2434 ἐθέλων
1066 2379 1396 2449 ἐπιτρέπειν,
1441 2380 1475 2449 ἢ
1515 2382 1685 2435 ἄλλου
1723 2384 1873 2444 τινὸς

193 2477 304 2521 τῶν
344 2462 573 2520 δικαίων
612 2468 996 2537 ἀφιστάμενος,
1036 2464 1097 2521 εὖ
1139 2474 1250 2521 ἴστε
1291 2468 1373 2520 ὅτι
1411 2468 1558 2521 πάνυ
1597 2468 1666 2521 ἄν
1703 2466 1865 2539 ᾐσχυ-

195 2559 372 2624 νόμην
411 2554 500 2608 καὶ
541 2556 790 2624 ἐνόμιζον
836 2555 905 2609 ἂν
945 2556 1180 2625 ἐμαυτὸν
1219 2560 1434 2624 φαῦλον
1473 2552 1613 2608 εἶναι
1651 2556 1870 2625 ἅνθρω-

195 2659 324 2695 πον·
371 2651 476 2695 νῦν
524 2638 573 2694 δ’
619 2644 742 2696 οὔτε
791 2644 955 2712 μικρὰ
1004 2643 1394 2710 ἐλαττούμενος
1439 2642 1544 2695 ὑπὸ
1586 2640 1871 2712 Ὀλυμπιο-

198 2731 406 2797 δώρου,
454 2732 577 2783 οὕτε
626 2732 955 2799 διαλλακτὴν
995 2730 1195 2784 οὐδένα
1233 2731 1482 2799 φεύγων,
1529 2728 1643 2784 οὔτ’
1690 2727 1759 2784 αὖ
1798 2733 1872 2800 μὰ

196 2819 292 2870 τὸν
332 2822 442 2870 Διά
481 2820 578 2871 τὸν
617 2817 872 2887 μέγιστον
912 2817 1070 2886 ἑκών,
1109 2815 1230 2870 ἀλλ’
1277 2818 1348 2880 ὡς
1387 2811 1508 2871 οἶόν
1546 2838 1601 2871 τε
1640 2819 1872 2887 μάλιστα

191 2906 365 2972 ἄκων,
405 2906 744 2975 ἠνάγκασμαι
778 2906 883 2959 ὑπὸ
917 2907 1112 2959 τούτου
1147 2905 1509 2973 ἀγωνίζεσθαι
1539 2907 1741 2974 ταύτην
1774 2908 1874 2974 τὴν
