2035 3158
62 836 97 866 12

57 1365 93 1395 13

53 1985 90 2014 14

693 142 857 183 ΠΡΟΣ
892 142 1218 185 ΣΠοΎΔΙΑΝ.
1771 147 1807 195 5

125 273 257 330 οὐδὲ
295 276 491 344 ταύτης
522 273 669 338 ἀξιοῖ
703 274 1082 344 συμβαλέσθαι
1115 277 1176 329 τὸ
1208 274 1389 344 μέρος,
1428 276 1567 332 ἀλλὰ
1601 279 1664 330 τὰ
1703 276 1810 347 μὲν.

126 367 234 434 ἔχει
271 369 584 433 προλαβών,
623 372 732 416 τῶν
771 360 832 416 δὲ
865 364 928 419 τὰ
959 362 1093 434 μέρη
1134 368 1424 433 κομίζεται,
1463 366 1527 417 τὰ
1568 363 1617 418 δ’
1663 367 1805 419 οὕτω

111 455 375 521 ’φανερῶς
421 451 523 505 οὐκ
577 450 933 525 ἀποδίδωσιν.
1004 453 1094 505 ἵνα
1141 456 1333 506 τοίνυν
1380 450 1517 521 μηδὲ
1568 452 1716 507 ταῦτ’
1774 449 1804 525 ᾗ

123 538 613 611 παραλελειμμένα,
638 539 774 607 λαβέ
792 560 885 608 μοι
910 540 1129 592 πάντων
1155 545 1335 593 αὐτῶν
1367 543 1460 603 τὰς
1491 545 1803 610 μαρτυρίας.

792 702 1132 744 ΜΑΡΤΎΡΙΑΙ.

220 803 378 868 Ἴσως
432 807 632 858 τοίνυν.
674 799 715 857 ὦ
771 806 969 875 ἄνδρες
1023 805 1271 859 δικασταὶ
1322 809 1457 876 πρὸς
1504 804 1604 876 μὲν
1649 806 1796 876 ταῦτ’

121 891 286 947 οὐδὲν
319 893 538 963 ἀντερεῖ
567 895 870 956 Σπουδίας·
912 892 1042 948 οὐδὲ
1082 896 1185 963 γὰρ
1227 895 1351 962 ἕξει,
1392 899 1582 964 καίπερ
1624 897 1805 958 δεινὸς

120 984 218 1036 ὥν·
260 982 554 1035 αἰτιάσεται
596 979 657 1035 δὲ
696 983 1051 1035 Πολύευκτον
1093 982 1180 1035 καὶ
1213 985 1313 1052 τὴν
1355 983 1567 1051 γυναῖκ’
1614 985 1804 1052 αὐτοῦ,

120 1070 222 1123 καὶ>
246 1073 410 1140 φήσει
442 1071 617 1123 πάντα
657 1067 818 1122 ταῦθ’
857 1068 948 1123 ὑπ’
990 1070 1124 1139 ἐμοῦ
1156 1070 1480 1134 πεισθέντας
1518 1077 1803 1142 καταχαρί-

120 1165 351 1228 σασθαι,
398 1158 487 1212 καὶ
527 1160 596 1227 νὴ
638 1156 734 1211 Δί’
781 1158 935 1228 ἕτερα
986 1160 1160 1212 πολλὰ
1200 1158 1288 1212 καὶ
1329 1161 1536 1229 μεγάλα
1575 1160 1802 1228 βλάπτε-

120 1248 284 1316 σθῖκι,
338 1246 427 1301 καὶ
480 1250 640 1317 δίκην
689 1247 963 1317 εἰληχέναι
1014 1265 1126 1316 μοι·
1181 1257 1349 1301 ταῦτα
1397 1250 1500 1318 γὰρ
1541 1247 1630 1301 καὶ
1669 1253 1805 1317 πρὸς

120 1344 192 1409 τςό
235 1338 480 1406 διαιτητῇ
522 1335 700 1404 λέγειν
742 1336 1019 1406 ἐπεχείρει.
1091 1336 1194 1404 ἐγὼ
1237 1336 1286 1389 δ’
1334 1333 1376 1389 ὦ
1416 1338 1614 1405 ἄνδρες
1654 1326 1837 1390 δικαὲ

119 1423 239 1478 σταὶ
277 1434 498 1494 πρῶτον
535 1422 636 1493 μὲν
677 1425 774 1493 οὐχ
816 1425 1051 1493 ἡγοῦμαι
1093 1417 1320 1477 δικαίαν
1351 1422 1493 1478 εἶναι
1533 1428 1632 1495 τὴν
1672 1425 1803 1479 ἀπο-

117 1517 309 1582 λογιάν
348 1514 448 1581 τὴν
487 1515 766 1582 τοιαύτην,
808 1510 938 1566 οὐδὲ
978 1517 1306 1583 προσήκειν,
1347 1514 1477 1567 ὅταν
1518 1534 1597 1577 τις
1636 1535 1803 1584 φανε-

117 1611 225 1672 ρῶς
270 1599 637 1671 ἐξελέγχηται,
687 1600 1128 1671 μεταστρέψαντα
1183 1603 1276 1665 τὰς
1333 1605 1506 1665 αἰτίας
1553 1602 1802 1670 ἐγκαλεῖν
1826 1623 1929 1660 1032

116 1689 205 1743 καὶ
237 1690 576 1758 διαβάλλειν·
619 1688 736 1742 ἀλλ’
777 1689 1001 1742 ἐκείνων
1034 1687 1152 1758 μὲν,
1193 1696 1343 1760 εἴπερ
1385 1690 1667 1758 ἀδικεῖται,
1709 1693 1801 1759 δῆ-

116 1783 215 1833 λον
255 1777 338 1830 ὅτι
379 1778 539 1846 δίκην
581 1780 825 1846 λήψεται,
866 1780 1074 1831 τούτων
1109 1776 1168 1831 δὲ
1211 1780 1397 1831 δώσει·
1438 1789 1550 1840 πῶς
1589 1779 1692 1847 γὰρ
1732 1778 1801 1831 ἂν

115 1867 220 1936 ἐγὼ
272 1875 377 1920 νῦν
440 1876 555 1928 ταῖς
610 1867 820 1919 τούτων
884 1868 1166 1935 διαβολαῖς
1221 1866 1591 1936 ἀντιδικοίην,
1645 1866 1801 1936 ἀφεὶς

117 1952 251 2024 ὑπὲρ
285 1949 362 2007 ὧν
394 1954 548 2023 ὑμεῖς
579 1952 797 2023 μέλλετε
832 1956 931 2023 τὴν
970 1963 1160 2024 ψῆφον
1201 1961 1398 2017 οἰ’σειν;
1442 1959 1622 2008 ἔπειτα
1660 1961 1801 2009 θαυ-

115 2044 261 2113 μαζω
304 2045 362 2096 τί
403 2039 626 2111 δήποτ’,
666 2049 816 2111 εἴπερ
865 2043 1046 2112 αληθῆ
1095 2042 1184 2096 καὶ
1237 2042 1401 2096 δίκαι’
1455 2041 1598 2114 εἶχεν
1647 2045 1800 2112 ἐγκα-

117 2137 251 2200 λεῖν,
283 2130 639 2200 βουλομένων
663 2131 801 2199 ἡμᾶς
827 2141 934 2184 τῶν
967 2136 1146 2201 φιλων
1180 2133 1428 2185 διαλύειν
1460 2132 1548 2186 καὶ
1579 2138 1799 2187 πολλῶν

116 2223 296 2288 λόγων
343 2218 683 2288 γενομένων,
730 2220 829 2289 οὐχ
887 2213 1000 2282 οἷος
1046 2217 1114 2288 ἧν
1163 2220 1416 2289 ἐιιμενειν
1468 2214 1549 2283 οἷς
1600 2221 1799 2275 ἐκεῖνοι

51 2350 56 2353 »
116 2318 316 2376 γνοῖεν.
376 2328 551 2360 natvm
598 2327 740 2370 τινες
787 2307 854 2360 ἂν
904 2309 1129 2377 ἄμεινον
1176 2330 1265 2362 και
1312 2319 1422 2362 τῶν
1472 2312 1669 2364 ΐΟύῖΟυ
1708 2310 1800 2364 καὶ

50 2672 89 2722 i5

114 2406 223 2449 τῶν
263 2395 407 2465 ἐμῶν
449 2395 801 2464 ἐγκλημάτων
841 2397 904 2449 τὰ
944 2394 1117 2465 μηδὲν
1166 2395 1276 2450 ὄντ’
1326 2397 1640 2467 ἐξήλεγξαν,
1686 2409 1797 2452 τῶν

113 2483 639 2553 παραγεγενημένων
691 2485 857 2536 ἅπασι
905 2487 1150 2553 τούτοις,
1200 2496 1308 2539 τῶν
1355 2487 1585 2539 εἰδότων
1631 2485 1796 2540 οὐδὲν

112 2568 276 2642 ἧττον
313 2571 468 2640 ἡμῶν
508 2574 572 2625 τὰ
611 2575 908 2641 γενόμενα,
950 2583 1058 2625 τῶν
1098 2584 1300 2626 κοινῶν
1341 2573 1668 2644 ἀμφοτέροις
1706 2575 1795 2629 καὶ

113 2665 292 2730 φίλων
332 2662 532 2726 ὅντων;
573 2660 712 2714 ἀλλὰ
746 2663 916 2729 δῆλον
950 2663 1031 2714 ὅτι
1066 2664 1240 2734 τούτῳ
1280 2660 1429 2715 ταῦτ’
1477 2663 1577 2716 οὐκ
1617 2662 1793 2716 ἐλυσι-

113 2747 283 2818 τέλει,
336 2759 588 2819 φανερῶς
634 2747 725 2802 ὑπ’
773 2749 954 2802 αὐτῶν
1006 2750 1399 2824 ἐξελεγχομένῳ
1453 2760 1647 2805 τοῦτον
1697 2754 1794 2806 τὸν

113 2839 315 2906 τρόπον
355 2840 546 2905 λαβεῖν
586 2839 861 2891 διάλυσιν·
914 2840 986 2907 μὴ
1027 2837 1145 2906 γὰρ
1171 2836 1347 2892 οἴεσθ’
1394 2836 1435 2891 ὦ
1477 2841 1672 2910 ἄνδρες
1714 2841 1792 2892 δι-

111 2924 302 2978 κασταὶ
342 2928 468 2988 τοὺς
514 2927 727 2989 εἰδότας
773 2927 983 2979 ἅπαντα
1025 2935 1220 2994 ταῦτα,
1261 2926 1389 2980 νυνὶ
1428 2925 1527 2997 μὲν
1569 2929 1790 2982 ὑποκιν-
