2035 3158
752 139 908 181 ΚΑΤΑ
940 139 1245 182 ΚΟΝΩΝΟΣ.
1730 133 1828 185 211

153 273 475 344 ταξιάρχους
521 272 710 326 ἐλθεῖν
756 268 846 324 καὶ
896 280 1004 324 τῶν
1052 271 1236 324 ἄλλων
1282 272 1433 332 τινὰς
1473 276 1839 338 στρατιωτῶν,

153 361 308 430 οἷπερ
355 359 637 413 ἐκώλυσαν
683 356 856 429 μηδὲν
916 359 1055 429 ἡμᾶς
1110 358 1410 427 ἀνήκεστον
1456 362 1658 410 παθεῖν
1704 352 1831 425 μηδ’

108 464 127 495 6
154 447 352 511 αὐτοὺς
395 455 616 517 ποιῆσαι
663 445 1136 517 παροινουμένους
1181 447 1288 500 ὑπὸ
1335 446 1561 500 τούτων.
1629 451 1730 498 τοῦ
1777 440 1837 496 δὲ

152 536 464 606 πράγματος
509 538 587 598 εἰς
633 544 794 589 τοῦτο
842 538 1242 605 προελθόντος,
1289 535 1360 596 ὡς
1410 530 1557 601 δεῦρ’
1606 531 1838 600 ἐπανήλ-

156 629 348 693 θομεν,
386 620 455 692 ἦν
494 623 644 692 ἡμῖν,
685 616 804 677 οἷον
838 625 999 692 εἰκὸς,
1040 622 1098 676 ἐκ
1130 624 1338 677 τούτων
1372 622 1507 691 ὀργὴ
1542 618 1631 673 καὶ
1664 622 1837 690 ἔχθρα

150 715 286 782 πρὸς
324 710 608 781 ἀλλήλους.
679 711 745 764 οὐ
791 712 900 780 μὴν
952 713 1119 779 ἔγωγε
1168 711 1241 781 μὰ
1293 712 1421 772 τοὺς
1466 712 1637 771 θεοὺς
1682 706 1837 780 ᾤμην
1887 720 1893 727 ‘

153 801 272 852 δεῖν
320 798 446 853 οὔτε
493 799 653 867 δίκην
701 803 887 867 λαχεῖν
934 797 1118 860 αὐτοῖς
1165 797 1291 851 οὔτε
1340 799 1509 864 λόγον
1556 801 1839 851 ποιεῖσθαι

151 897 260 940 τῶν
285 886 611 955 συμβάντων
646 886 865 955 οὐδένα,
899 885 1018 940 ἀλλ’
1052 885 1231 939 ἐκεῖνο
1265 884 1447 948 ἁπλῶς
1472 885 1752 953 ἐγνώκειν,
1776 885 1836 937 τὸ

153 975 347 1028 λοιπὸν
377 973 730 1043 εὐλαβεῖσθαι
765 973 854 1027 καὶ
886 975 1257 1044 φυλάττεσθαι
1291 975 1363 1043 μὴ
1387 973 1702 1042 πλησιάζειν
1726 980 1840 1034 τοῖς

152 1062 434 1125 τοιούτοις.
496 1071 718 1132 πρῶτον
755 1059 896 1131 [μὲν]
933 1058 1036 1116 οὖν
1069 1057 1146 1115 ὧν
1179 1068 1367 1131 εἴρηκα
1398 1063 1608 1115 τούτων
1640 1060 1838 1130 βούλο-

154 1171 250 1220 μαι
289 1151 384 1215 τὰς
420 1153 720 1220 μαρτυρίας
757 1153 1199 1220 παρασχόμενος,
1246 1150 1376 1219 μετὰ
1415 1146 1574 1203 ταῦθ’
1620 1142 1695 1202 οἷ’
1738 1146 1830 1200 ὑπ’

156 1239 327 1293 αὐτοῦ
379 1239 577 1292 τούτου
639 1236 875 1292 πέπονθ’
935 1238 1229 1307 ἐπιδεῖξαι,
1290 1235 1362 1291 ἵν’
1419 1233 1598 1305 εἰδῆθ’
1656 1235 1741 1289 ὅτι
1794 1229 1839 1307 ᾦ

155 1333 392 1397 προσῆκε
430 1335 544 1390 τοῖς
582 1328 643 1380 τὸ
681 1335 901 1396 πρῶτον
942 1325 1337 1396 ἁμαρτηθεῖσιν
1370 1325 1640 1394 ἐπιτιμᾶν,
1679 1319 1840 1387 οὗτος

155 1414 318 1478 αὐτὸς
354 1416 491 1485 πρὸς
529 1415 743 1477 τούτοις
781 1418 967 1486 πολλῷ
1012 1411 1274 1484 δεινότερ’
1322 1419 1615 1482 εἴργασται.

825 1576 1153 1616 ΜΑΡΤΥΡΙΑΙ

110 1695 130 1728 7
254 1672 355 1733 Ὧν
390 1675 493 1750 μὲν
531 1681 724 1732 τοίνυν
762 1676 945 1732 οὐδέν’
986 1676 1141 1749 ᾤμην
1175 1679 1293 1732 δεῖν
1333 1680 1501 1746 λόγον
1540 1683 1840 1745 ποιεῖσθαι,

156 1765 305 1821 ταῦτ’
348 1769 511 1821 ἔστιν.
572 1769 753 1839 χρόνῳ
793 1764 845 1819 δ’
889 1766 1121 1835 ὕστερον
1154 1766 1222 1820 οὐ
1252 1771 1437 1838 πολλῷ
1477 1774 1838 1837 περιπατοῦν-

156 1875 267 1925 τος,
304 1856 485 1926 ὥσπερ
524 1857 774 1924 εἰώθειν,
822 1853 1050 1924 ἑσπέρας
1092 1854 1151 1908 ἐν
1191 1854 1368 1927 ἀγορᾷ
1407 1875 1514 1924 μου
1553 1855 1685 1924 μετὰ
1727 1857 1840 1907 Φα-

157 1943 460 2015 νοστράτου
483 1952 583 1997 τοῦ
608 1941 939 2012 Κηφισιέως,
969 1952 1078 1995 τῶν
1110 1942 1414 2011 ἡλικιωτῶν
1447 1946 1613 2012 τινός,
1642 1941 1841 2013 παρέρ-

157 2051 307 2103 χεται
368 2034 608 2101 ,Κτησίας
657 2031 687 2086 6
745 2032 866 2094 υίὸς
915 2031 944 2085 6
997 2032 1224 2100 τούτου,
1278 2032 1532 2101 μεθύων,
1593 2032 1726 2084 κατὰ
1780 2033 1841 2084 τὸ

158 2122 493 2190 Λεωκόριον,
535 2119 697 2187 ἐγγὺς
734 2129 845 2173 τῶν
886 2120 1258 2189 Πυθοδώρου.
1327 2120 1568 2172 κατιδὼν
1609 2118 1658 2172 δ’
1703 2119 1845 2187 ἡμᾶς

158 2205 247 2260 καὶ
294 2207 630 2277 κραυγάσας,
683 2204 774 2259 καὶ
821 2207 1130 2275 διαλεχθείς
1177 2226 1228 2259 τι
1274 2208 1409 2276 πρὸς
1454 2205 1623 2260 αὑτὸν
1671 2206 1844 2269 οὕτως

160 2297 232 2358 ὡς
271 2294 340 2349 ἂν
379 2295 633 2364 μεθύων,
681 2294 816 2346 ὥστε
864 2295 936 2363 μὴ
978 2299 1179 2363 μαθεῖν
1221 2293 1250 2347 ὅ
1290 2314 1340 2347 τι
1381 2292 1557 2363 λέγοι,
1594 2298 1843 2364 παρῆλθε

159 2385 295 2454 πρὸς
325 2385 575 2450 Μελίτην
608 2382 739 2434 ἄνω.
804 2384 995 2435 ἔπινον
1030 2379 1081 2434 δ’
1118 2379 1205 2452 ἄρ’
1244 2380 1485 2435 ἐνταῦθα
1518 2383 1709 2451 (ταῦτα
1742 2382 1843 2451 γὰρ

159 2471 394 2545 ὕστερον
445 2467 790 2538 ἐπυθόμεθα)
853 2470 996 2536 παρὰ
1049 2472 1326 2543 Παμφίλῳ
1375 2477 1449 2542 τῷ
1500 2480 1702 2539 κναφεῖ
1736 2472 1977 2529 K6-1259

160 2579 276 2613 νων
322 2556 537 2627 οὑτοσὶ,
588 2559 851 2625 Θεότιμός
898 2577 1004 2625 τις,
1047 2555 1414 2627 Ἀρχεβιάδης,
1453 2561 1778 2626 Σπίνθαρος
1816 2558 1845 2611 6

163 2646 483 2716 Εὐβούλου,
540 2642 812 2713 Θεογένης
867 2643 896 2698 6
948 2642 1371 2714 Ἀνδρομένους,
1431 2649 1632 2699 πολλοί
1686 2665 1848 2714 τινες,

163 2735 261 2797 οὓς
298 2733 663 2802 ἐξαναστήσας
702 2733 731 2787 6
772 2735 1013 2801 Κτησίας
1053 2731 1325 2802 ἐπορεύετ’
1369 2735 1446 2796 εἰς
1484 2734 1583 2802 τὴν
1622 2733 1847 2804 ἀγοράν.

119 2838 140 2871 ε
165 2820 255 2875 καὶ
299 2821 432 2891 ἡμῖν
481 2820 806 2891 συνέβαινεν
851 2819 1291 2890 ἀναστρέφουσιν
1347 2820 1450 2875 ἀπὸ
1498 2830 1596 2875 τοῦ
1645 2826 1850 2893 Φερρε-

166 2913 397 2979 φαττίου
450 2907 541 2963 καὶ
594 2917 987 2979 περιπατοῦσιν
1040 2909 1204 2962 πάλιν
1259 2907 1375 2962 κατ’
1433 2909 1566 2964 αὐτό
1619 2927 1734 2973 πως
1786 2912 1848 2965 τὸ

1492 2996 1580 3039 14³¹·
