2035 3158
142 448 186 481 ⁶5

139 1343 182 1361 W

139 2033 181 2065 67

141 2823 183 2855 ⁶8

214 126 319 178 182
760 131 834 172 LI.
871 129 1334 172 ΔΗΜΟΣΘΕΝΟΤΣ

209 265 481 328 τιμεῖσθαι
503 262 657 330 Δπρὸς
692 259 858 330 ὑμᾶς,
905 261 1036 315 ὅταν
1082 262 1251 331 ὁρῶσι
1296 263 1430 332 μήτε
1477 269 1590 324 τοῖς
1633 269 1888 331 χρηστοῖς

208 344 298 398 καὶ
348 347 627 411 εὐτάκτοις
671 349 834 418 χάριν
885 345 1089 417 οὖσαν,
1138 351 1270 419 μήτε
1324 358 1437 412 τοῖς
1484 357 1748 419 πονηροῖς
1794 345 1892 400 καὶ·

209 431 512 503 ἀκοσμοῦσι
558 438 826 504 τιμωρίαν
870 433 996 543 παρ’
1049 437 1228 505 ὑμῶν;
1279 436 1650 505 ἀναγνώσεται
1695 431 1757 489 δὲ
1794 433 1887 488 καὶ

207 521 305 574 τὸν
354 524 528 590 νόμον
578 522 710 591 ὑμῖν
761 522 850 576 καὶ
909 524 975 576 τὰ
1032 523 1357 593 ἀναλώματα
1415 532 1514 578 τοῦ
1563 525 1768 594 χρόνου
1817 519 1886 577 οὗ

208 607 673 680 ἐπετριηράρχησα
710 607 849 681 ὑπὲρ
887 613 1113 679 τούτου,
1159 610 1286 665 καθ’
1332 612 1586 680 ἕκαστον,
1630 609 1722 665 καὶ
1758 612 1888 673 τοὺς

207 696 503 766 λιπόνεως,
560 699 693 752 ὅσον
752 698 973 762 ἕκαστος
1032 702 1171 770 ἔχων
1223 699 1489 770 ἀργύριον
1538 698 1747 770 ἀπέδρα
1795 696 1885 751 καὶ

206 783 432 852 ὅπου,“
408 780 481 838 ιν’
517 786 756 854 εἰδῆτε”
727 806 811 840 οτι
844 787 967 840 οὔτε
1007 796 1112 841 νῦν
1153 789 1288 857 πρὸς
1317 788 1458 857 ὑμᾶς
1487 789 1690 851 ψεῦδος
1719 784 1886 841 οὐδεν

209 870 346 940 λέγω
398 873 522 926 οὔτε
575 873 634 927 ἐν
685 881 757 947 τῷ
809 877 1058 944 πρόσθεν
1106 879 1318 949 χρόνῳ,
1375 875 1617 945 ἡγοῦμαί
1659 894 1715 929 τε
1766 875 1885 928 δεῖν

207 961 302 1013 τὸν
341 957 442 1029 μὲν
480 961 586 1016 ὑπὸ
626 972 736 1016 τῶν
773 965 960 1031 νόμων
1006 966 1210 1033 χρόνον
1258 963 1562 1033 ὡρισμένον
1601 961 1887 1033 ἀμέμπτως

207 1046 338 1115 ὑμῖν
385 1052 735 1119 λῃτουργεῖν,
789 1054 917 1114 τοὺς
964 1047 1023 1103 δὲ
1071 1060 1550 1121 καταφρονοῦντας
1593 1049 1683 1104 καὶ
1727 1051 1884 1120 ὑμῶν

207 1133 295 1187 καὶ
350 1146 460 1189 τῶν
513 1139 700 1205 νόμων
762 1135 852 1190 καὶ
915 1138 1016 1190 οὐκ
1080 1137 1371 1201 ἐθέλοντας
1424 1141 1718 1191 πείθεσθαι
1771 1148 1886 1201 τοῖς

206 1225 396 1292 νόμοις
446 1223 720 1293 ἐξελέγξας
777 1224 1104 1288 ἀδικοῦντας
1162 1225 1222 1278 ἐν
1271 1225 1405 1294 ὑμῖν
1455 1228 1885 1296 τιμωρήσασθαι.

145 1329 182 1341 “”
207 1306 268 1363 εὖ
308 1307 360 1364 δ’
398 1317 511 1365 ἴστε
551 1312 634 1366 ὅτι
674 1313 741 1366 οὐ
779 1311 903 1381 περὶ
942 1323 1052 1366 τῶν
1093 1313 1238 1383 ἐμῶν
1278 1315 1437 1366 ἰδίων
1475 1317 1684 1383 μᾶλλον
1721 1333 1885 1382 τιμω-

206 1401 444 1469 ρήσεσθε
498 1399 807 1469 Πολυκλέα,
862 1400 895 1469 ἢ
944 1401 1044 1471 οὐχ
1099 1398 1233 1471 ὑπὲρ
1288 1401 1445 1470 ὑμῶν
1499 1400 1700 1470 αὐτῶν,
1754 1398 1884 1455 οὐδὲ

203 1485 328 1556 περὶ
366 1497 476 1540 τῶν
515 1491 981 1557 παρεληλυθότων
1013 1489 1357 1559 τριηράρχων
1390 1488 1698 1558 ἐπιμέλειαν
1729 1492 1884 1559 ποιή-

206 1580 371 1628 σεσθε
410 1579 602 1644 μόνον,
643 1575 780 1628 ἀλλὰ
819 1574 908 1629 καὶ
946 1575 1071 1645 περὶ
1102 1587 1210 1630 τῶν
1243 1579 1557 1645 μελλόντων
1595 1578 1882 1647 πρόνοιαν,

206 1664 341 1716 ὥστε
391 1666 522 1733 μήτε
573 1666 700 1726 τοὺς
758 1667 1195 1734 λῃτουργοῦντας
1251 1663 1519 1733 ἀθυμεῖν,
1575 1666 1706 1733 μήτε
1755 1666 1884 1728 τοὺς

206 1752 498 1822 διαδόχους
519 1761 886 1820 καταφρονεῖν
910 1761 1019 1805 τῶν
1045 1754 1250 1820 νόμων,
1282 1749 1400 1804 ἀλλ’
1434 1750 1650 1804 ἀπιέναι
1675 1750 1763 1805 ἐπὶ
1787 1753 1881 1816 τὰς

203 1847 366 1908 ναῦς,
412 1840 544 1893 ὅταν
583 1844 1017 1892 κατασταθῶσιν.
1089 1839 1121 1892 ἃ
1161 1842 1423 1909 προσήκει
1462 1839 1603 1947 ὑμᾶς
1641 1824 2035 1910 &evan-1227}

203 1926 404 1990 θέντας
443 1927 625 1998 ὀρθῶς
665 1926 754 1979 καὶ
794 1929 1016 1991 δικαίως
1056 1930 1164 1981 δια
1151 1937 1356 1996 γνῶναι
1395 1926 1520 1997 περὶ
1558 1926 1829 1982 ἁπάντων.

308 2013 520 2078 “Ηδέως
559 2013 607 2068 δ’
654 2035 723 2068 αν
770 2015 926 2084 ὑμῶν
972 2019 1256 2084 πυθοίμην
1297 2011 1339 2068 ὦ
1380 2015 1577 2085 ανδρες
1616 2017 1883 2083 δικασταί,

203 2102 307 2157 τίν’
346 2104 416 2157 ἄν
453 2122 583 2158 ποτε
625 2105 848 2173 γνώμην
887 2101 1010 2172 περὶ
1050 2103 1183 2172 ἐμοῦ
1215 2109 1402 2173 εἴχετε,
1439 2105 1491 2156 εἰ
1525 2111 1625 2157 τοῦ
1663 2123 1719 2157 τε
1758 2108 1875 2174 χρό·

205 2213 307 2247 νου
347 2191 632 2261 ἐξήκοντος
678 2190 767 2245 καὶ
813 2193 1010 2246 τούτου
1059 2194 1130 2261 μὴ
1177 2193 1406 2261 ἥκοντος
1452 2190 1538 2244 ἐπὶ
1585 2193 1685 2261 τὴν
1722 2201 1883 2262 ναῦν,

205 2282 277 2349 μὴ
329 2279 796 2350 ἐπετριηράρχησα
843 2281 1162 2343 κελεύοντος
1211 2288 1308 2334 τοῦ
1360 2288 1694 2349 στρατηγοῦ,
1743 2279 1881 2333 ἀλλά

205 2368 387 2422 πλέων
425 2366 660 2441 ᾠχόμην.
723 2363 807 2438 ἆρ’
847 2368 947 2421 οὐκ
979 2368 1047 2421 ἂν
1078 2366 1380 2438 ὠργίζεσθέ
1413 2388 1505 2437 μοι
1537 2366 1625 2422 καὶ
1656 2367 1880 2437 ἡγεῖσθε

207 2457 275 2510 ἂν
314 2456 550 2520 ἀδικεῖν;
591 2458 642 2508 εἰ
677 2459 868 2509 τοίνυν
900 2456 968 2508 ἂν
1002 2454 1120 2526 ἐμοὶ
1153 2459 1270 2510 τότε
1306 2456 1621 2525 ὠργίζεσθε,
1660 2456 1743 2510 ὅτι
1782 2456 1881 2510 οὐκ

207 2544 699 2614 ἐπετριηράρχησα,
744 2553 857 2606 πῶς
897 2543 1018 2615 οὐχὶ
1058 2552 1162 2598 νῦν
1208 2555 1469 2614 προσῆκει
1507 2564 1648 2613 υμας
1684 2563 1881 2598 τουτον

206 2632 493 2700 εἰσπρᾶξαί
525 2652 617 2701 μοι
657 2632 720 2684 τὰ
760 2631 1103 2701 ἀναλώματα,
1143 2632 1175 2685 ἃ
1210 2631 1312 2700 ἐγὼ
1346 2628 1482 2703 ὑπὲρ
1514 2632 1712 2686 τούτου
1751 2630 1883 2701 ἀνή-

207 2724 374 2787 λωσα,
413 2722 508 2773 τὸν
549 2720 615 2773 οὐ
656 2718 1046 2789 διαδεξάμενον
1084 2721 1184 2789 τὴν
1223 2729 1388 2784 ναῦν;

302 2806 420 2860 Ὅτι
473 2804 679 2860 δὀὐκ
737 2805 855 2876 ἐμοὶ
905 2810 1055 2880 μόνω
1117 2807 1183 2860 οὐ
1241 2806 1515 2871 διεδέξατο
1569 2808 1669 2877 τὴν
1719 2815 1883 2893 ναῦν,

207 2894 345 2948 ἀλλὰ
394 2892 484 2948 καὶ
534 2897 801 2962 πρότερον
836 2895 1124 2965 Εὐριπίδῃ
1185 2894 1446 2965 συντριῆρ
1450 2914 1614 2964 αρχος
1661 2895 1740 2948 ὢν
1788 2894 1880 2948 καὶ

2014 1895 2035 1929 <j

2017 1956 2035 1993 ι1

2008 2122 2035 2158 3
