2035 3158
103 544 148 575 47

108 1158 151 1189 451

111 1685 152 1716 49

113 2300 157 2331 50

172 135 242 186 82
686 134 817 175 XLV.
864 130 1329 172 ΔΗΜΟΣΘΕΝΟΓΣ

170 269 392 333 τούτου]
458 256 906 334 ῥηθησομένους,
975 258 1324 328 πιστοτέρους
1384 263 1663 314 ποιεῖσθαι
1704 255 1847 314 ’τῶν

171 357 358 424 νόμων
397 352 486 406 καὶ
526 362 635 405 τῶν
672 351 780 405 ὑπὸ
818 350 1019 404 τούτου
1065 347 1387 419 γραφέντων
1433 349 1511 411 εἰς
1555 348 1654 418 τὴν
1703 346 1847 402 ἀντι-

173 444 405 512 γραφήν·
1616 448 1646 452 ”
1798 491 1801 496 .

285 528 658 596 Πυνθάνομαι
707 529 898 580 τοίνυν
957 525 1157 587 αὐτοὺς
1214 523 1302 577 καὶ
1352 522 1478 593 περὶ
1528 518 1605 576 ὧν
1657 526 1851 594 ἔλαχον

174 619 273 686 τὴν
313 615 367 679 ἐξ
407 614 573 685 ἀρχῆς
613 616 790 683 δίκην,
830 613 976 683 ἐρεῖν
1007 610 1097 665 καὶ
1129 613 1541 680 κατηγορήσειν,
1579 610 1652 674 ὡς
1690 625 1852 664 συκο-

174 701 476 773 φαντήματ’
521 699 605 770 ἦν.
674 701 780 770 ἐγὼ
829 697 878 754 δ’
933 700 998 753 ὃν
1045 696 1145 768 μὲν
1192 701 1396 767 τρόπον
1444 698 1852 770 ἐσκευωρήσατο

177 793 274 861 τὴν
313 795 617 860 μίσθωσιν,
657 790 801 852 ὅπως
839 790 938 857 τὴν
972 787 1228 857 ἀφορμὴν
1268 775 1362 856 τῆς
1400 784 1657 855 τραπέζης
1693 786 1853 839 κατά-

176 895 316 950 σχοι,
356 876 511 932 εἷπον
549 876 639 930 καὶ
680 877 973 945 διεξῆλθον
1014 875 1175 943 ὑμῖν,
1221 871 1358 943 ὑπὲρ
1406 871 1467 927 δὲ
1514 884 1622 927 τῶν
1669 875 1853 928 ἄλλων

177 968 277 1021 οὐκ
317 966 385 1020 ἂν
425 959 541 1027 οἷός
578 962 623 1017 τ’
670 970 788 1033 εἴην
836 961 1015 1031 λέγειν
1064 964 1172 1031 ἅμα
1220 961 1310 1015 καὶ
1348 964 1575 1025 τούτους
1613 960 1853 1032 ἐλέγχειν

175 1053 297 1124 περὶ
335 1061 429 1122 τῆς
468 1055 786 1121 μαρτυρίας·
828 1052 895 1104 οὐ
927 1051 1031 1119 γὰρ
1065 1051 1257 1103 ἱκανόν
1289 1063 1387 1118 μοι
1413 1051 1473 1104 τὸ
1505 1051 1657 1120 ὕδωρ
1691 1049 1853 1103 ἐστίν.

176 1142 258 1195 ὅτι
307 1139 357 1194 δ’
404 1138 524 1194 οὐδ’
578 1141 731 1209 ὑμεῖς
781 1136 1010 1193 ἐθέλοιτ’
1070 1137 1138 1191 ἂν
1189 1139 1410 1200 εἰκότως
1460 1136 1680 1190 ἀκούειν
1730 1135 1855 1206 περὶ
1901 1147 1908 1156 “

175 1231 386 1284 τούτων
437 1229 648 1294 αὐτῶν,
701 1228 915 1280 ἐκεῖθεν
965 1222 1197 1291 εἴσεσθ’,
1255 1223 1323 1277 ἂν
1375 1228 1673 1294 λογίσησθε
1721 1227 1856 1292 πρὸς

176 1319 313 1386 ὑμᾶς
353 1317 570 1381 αὐτούς,
610 1316 691 1369 ὅτι
733 1315 856 1368 οὔτε
896 1321 1001 1367 νῦν
1042 1312 1189 1366 ἐστιν
1229 1313 1465 1382 χαλεπὸν
1503 1310 1627 1382 περὶ
1667 1307 1744 1366 ὧν
1782 1315 1854 1382 μὴ

176 1408 537 1474 κατηγόρηται
574 1402 771 1472 λέγειν,
811 1403 935 1456 οὔτε
967 1396 1187 1465 ψευδεῖς
1218 1399 1528 1468 ἀναγνόντα
1560 1403 1858 1470 μαρτυρίας

177 1494 525 1562 ἀποφεύγειν.
596 1489 713 1544 ἀλλ’
761 1488 1054 1559 οὐδέτερόν
1101 1508 1160 1557 γε
1214 1490 1429 1541 δίκαιον
1479 1486 1849 1543 τούτω’ν”’όύδ’

177 1583 245 1635 ἂν
296 1575 373 1644 εἷς
423 1583 650 1650 φήσειεν
700 1575 862 1646 εἶναι,
911 1574 1032 1631 ἀλλ’
1079 1576 1107 1630 ὃ
1156 1576 1260 1645 ἐγὼ
1309 1581 1686 1646 προκαλοῦμαι
1734 1584 1856 1631 νῦν.

178 1679 423 1722 σκοπεῖτε
464 1665 514 1721 δ’
560 1667 904 1729 ἀκούσαντες.
970 1665 1075 1733 ἐγὼ
1107 1666 1209 1733 γὰρ
1243 1664 1393 1731 ἀξιῶ,
1433 1664 1528 1727 οὓς
1566 1662 1666 1734 μὲν
1706 1663 1857 1734 ἀφεί-

179 1760 340 1811 λοντό
381 1753 435 1825 μ’
483 1755 737 1826 ἐλέγχους
775 1752 899 1824 περὶ
938 1763 1047 1806 τῶν
1089 1754 1468 1821 ἐγκλημάτων,
1514 1752 1610 1816 οὓς
1654 1759 1858 1823 προσῆ-

179 1865 277 1899 κον
315 1842 384 1914 ἦν
426 1845 694 1914 ῥηθῆναι,
742 1844 814 1912 μὴ
865 1845 1039 1911 ζητεῖν
1080 1841 1280 1903 αὐτοὺς
1321 1849 1450 1909 νῦν,
1488 1834 1573 1904 αἷς
1612 1838 1662 1894 δ’
1707 1840 1858 1910 ἀφεί-

181 1938 342 1986 λοντο
383 1936 732 2001 μαρτυρίαις,
770 1932 843 1994 ὡς
889 1929 1029 1983 εἰσὶν
1070 1928 1316 1997 ἀληθεῖς,
1355 1930 1653 1982 δεικνύναι.
1715 1930 1768 1982 εἰ
1801 1925 1853 1981 δ’

180 2022 312 2074 ὅταν
352 2017 452 2089 μὲν
492 2021 592 2087 τὴν
634 2020 793 2086 δίκην
835 2020 1013 2085 εἰσίω,
1052 2018 1144 2080 τὰς
1183 2019 1480 2086 μαρτυρίας
1519 2013 1573 2085 μ’
1621 2014 1906 2087 ἐλέγχειν

179 2109 540 2173 ἀξιώσουσιν,
600 2107 731 2159 ὅταν
788 2103 848 2159 δὲ
909 2106 1127 2167 ταύταις
1181 2104 1402 2173 ἐπεξίω,
1463 2102 1586 2173 περὶ
1640 2113 1750 2158 τῶν
1805 2104 1859 2168 ἐξ

180 2195 346 2265 ἀρχῆς
386 2193 737 2263 ἐγκλημάτων
778 2191 956 2261 λέγειν
996 2211 1060 2262 με
1099 2193 1485 2260 κελεύσουσι-ν,
1526 2193 1650 2245 οὔτε
1691 2189 1854 2246 δίκαι’

182 2283 305 2336 οὔτε
345 2283 477 2351 ὑμῖν
519 2279 852 2350 συμφέροντ’
899 2280 1138 2349 ἐροῦσιν.
1210 2280 1455 2333 δικάσειν
1504 2281 1606 2348 γὰρ
1646 2279 1862 2350 ὀμωμό-

295 2368 307 2388 2
359 2371 372 2390 e
455 2379 476 2390 ω
588 2370 600 2389 9
751 2367 764 2389 ἱ
823 2364 843 2387 ῖ
934 2368 959 2400 η
1199 2371 1230 2402 ¹„
1296 2396 1299 2400 4
1385 2367 1396 2387 9
1493 2378 1515 2389 ...
1583 2368 1596 2387 5
1674 2365 1686 2384 2
1737 2368 1752 2388 e
1803 2365 1819 2387 κ

133 2433 136 2436 ,
180 2376 291 2424 καθ
346 2390 501 2439 υμεις
540 2390 606 2423 ου
646 2388 769 2438 περι
810 2389 887 2422 ων
928 2389 996 2421 αν
1037 2368 1065 2422 ὁ
1105 2387 1328 2437 φευγων
1369 2368 1528 2436 αξιοι,
1569 2373 1669 2421 αλλ
1725 2387 1861 2437 υπερ

115 2913 152 2943 51

181 2458 361 2511 αὐτῶν
410 2453 487 2510 ὧν
535 2455 603 2510 ἂν
642 2457 675 2525 ἡ
718 2456 900 2520 δίωξις
939 2450 988 2527 ᾗ.
1052 2457 1254 2524 ταύτην
1302 2453 1352 2508 δ’
1397 2455 1604 2524 ἀνάγκη
1652 2464 1717 2527 τῇ
1765 2465 1863 2509 τοῦ

184 2548 480 2608 διώκοντος
519 2544 665 2613 λήξει
708 2547 1046 2613 δηλοῦσθαι,
1084 2543 1153 2612 ἣν
1194 2543 1299 2612 ἐγὼ
1339 2545 1513 2612 τούτῳ
1551 2545 1863 2613 ψευδομαρ-

183 2642 387 2702 τυριῶν
428 2637 629 2702 εἴληχα.
692 2633 765 2701 μὴ
807 2633 874 2701 δὴ
915 2628 1062 2686 τοῦτ’
1109 2630 1267 2701 ἀφεὶς
1303 2629 1428 2699 περὶ
1468 2626 1546 2684 ὧν
1584 2631 1684 2684 οὐκ
1723 2630 1862 2700 ἀγω-

181 2724 382 2785 νίζεται
433 2719 652 2788 λεγέτω“
705 2717 831 2790 μηδ’
888 2719 1041 2788 ὑμεῖς
1085 2716 1220 2788 ἐᾶτ’,
1260 2718 1329 2772 ἂν
1379 2716 1464 2788 ἄρ’
1512 2715 1672 2782 οὗτος
1709 2718 1991 2776 &vac-1117

183 2816 403 2878 σχυντῇ.

297 2900 494 2964 Οἴομαι
534 2900 724 2949 τοίνυν
765 2895 932 2949 αὐτὸν
974 2891 1139 2948 οὐδὲν
1171 2896 1383 2964 οὐδαμῇ
1417 2897 1631 2950 δίκαιον
1672 2899 1863 2966 ἔχοντα
