2035 3158
69 183 140 234 98
366 168 369 169 ⁷
553 185 710 226 XLVI.
752 180 1259 241 [ΔΗΜΟΣΘΕΝΟΤΣ]

71 336 179 385 ναι,
211 315 294 370 ὅτι
326 316 446 370 ὅσοι
477 317 550 386 μὴ
584 316 925 384 ἐπεποίηντο,
957 311 1076 368 ἀλλ’
1114 311 1255 384 ἦσαν
1284 316 1586 384 πεφυκότες
1616 316 1746 383 γνή-

70 417 198 472 σιοι,
236 404 451 466 τούτοις
489 404 518 457 ὁ
559 406 727 472 νόμος
766 404 1024 470 δίδωσιν,
1064 400 1160 455 ἐὰν
1199 403 1425 464 ἄπαιδες
1462 397 1592 471 ὦσι,
1630 402 1747 454 δια-

73 489 275 544 θέσθαι
324 491 389 544 τὰ
441 489 663 544 ἑαυτῶν.
727 491 756 545 ὁ
795 493 987 544 τοίνυν
1035 491 1211 560 πατὴρ
1255 489 1409 558 ἡμῶν
1462 488 1748 557 ἐπεποίητο
1799 549 1805 555 ,

70 578 175 632 ὑπὸ
214 587 313 633 τοῦ
360 580 538 648 δήμου
584 582 836 648 πολίτης,
884 579 1020 631 ὥστε
1068 575 1198 631 οὐδὲ
1248 578 1381 630 κατὰ
1420 585 1582 631 τοῦτο
1621 575 1749 644 ἐξῆν

69 666 214 739 αὐτῷ
257 666 556 720 διαθέσθαι
596 667 892 734 διαθήκην,
931 666 1108 727 ἄλλως
1139 684 1194 718 τε
1234 663 1323 718 καὶ
1361 662 1486 734 περὶ
1523 671 1617 732 τῆς
1653 683 1750 732 γυ-

70 757 284 822 ναικός,
335 750 398 823 ἧς
446 751 576 808 οὐδὲ
611 755 811 823 κύριος
850 753 908 807 ἐκ
948 763 1057 806 τῶν
1096 756 1283 822 νόμων
1321 748 1422 821 ἦν,
1467 749 1658 814 παῖδές
1692 770 1750 805 τε

6 856 45 887 16
70 838 211 910 ἦσαν
251 842 414 913 αὐτῷ.
480 840 756 904 σκέψασθε
796 837 857 893 δὲ
896 838 985 893 καὶ
1019 842 1159 893 διότι
1199 837 1318 894 οὐδ’
1365 839 1434 893 ἂν
1473 841 1635 902 ἄπαις
1670 857 1752 902 τις

75 924 123 999 ᾖ,
160 930 349 1000 κύριός
387 928 501 982 ἐστι
532 929 596 982 τὰ
629 928 801 981 αὑτοῦ
841 926 1159 997 διαθέσθαι,
1199 927 1294 980 ἐὰν
1334 929 1406 996 μὴ
1446 923 1508 980 εὖ
1547 934 1751 997 φρονῇ·

70 1025 344 1071 νοσοῦντα
394 1014 455 1070 δὲ
502 1016 534 1085 ἢ
581 1025 950 1086 φαρμακῶντα
999 1015 1032 1084 ἢ
1080 1014 1299 1084 γυναικὶ
1346 1018 1680 1084 πειθόμενον
1717 1015 1752 1084 ἢ

70 1105 177 1159 ὑπὸ
216 1107 396 1175 γήρως
434 1103 467 1173 ἢ
506 1103 612 1157 ὑπὸ
651 1113 863 1173 μανιῶν
903 1103 934 1172 ἢ
975 1102 1081 1157 ὑπὸ
1134 1102 1372 1172 ἀνάγκης
1409 1105 1558 1165 τινὸς
1594 1121 1754 1155 κατα-

73 1191 355 1263 ληφθέντα
387 1193 595 1261 ἄκυρον
627 1191 948 1244 κελεύουσιν
988 1187 1129 1243 εἶναι
1169 1191 1227 1244 οἱ
1261 1193 1437 1259 νόμοι.
1502 1199 1750 1244 σκοπεῖτε

73 1283 168 1351 δή,
214 1283 265 1335 εἰ
302 1283 563 1334 δοκοῦσιν
602 1279 734 1348 ὑμῖν
782 1274 844 1331 εὗ
895 1287 1239 1348 φρονοῦντος
1279 1277 1480 1347 ἀνδρὸς
1517 1275 1661 1331 εἶναι
1697 1278 1759 1330 αἱ
1770 1285 1883 1326 1134

8 1383 46 1413 ²⁷
74 1371 361 1438 διαθῆκαι,
407 1369 470 1430 ἅς
515 1381 649 1436 φασι
697 1365 995 1419 διαθέσθαι
1042 1363 1195 1420 οὗτοι
1243 1367 1340 1420 τὸν
1385 1363 1604 1435 πατέρα.
1680 1367 1753 1435 μὴ

71 1460 206 1528 πρὸς
244 1458 377 1510 ἄλλο
418 1453 483 1509 δέ
510 1475 560 1508 τι
591 1454 935 1524 παράδειγμα
968 1453 1245 1523 σκέψησθε
1284 1453 1317 1523 ἢ
1358 1455 1493 1522 πρὸς
1530 1455 1631 1522 τὴν
1668 1456 1754 1522 μί-

74 1551 307 1614 σθωσιν,
345 1546 397 1597 εἰ
427 1546 582 1597 δοκεῖ
607 1543 742 1612 ὑμῖν
775 1541 1091 1597 ἀκόλουθον
1124 1539 1265 1596 εἶναι
1304 1550 1377 1614 τῷ
1418 1542 1519 1610 τὴν
1557 1539 1752 1610 τέχνην

73 1635 146 1702 μὴ
180 1633 432 1698 ἐξουσίαν
458 1632 653 1685 δοῦναι
685 1632 737 1683 εί
765 1632 837 1699 μὴ
872 1629 930 1683 ἐν
961 1637 1037 1701 τῷ
1069 1630 1214 1700 αὐτῷ
1246 1630 1377 1698 ἡμῖν
1411 1628 1754 1698 ἐργάζεσθαι,

73 1722 247 1794 τούτῳ
286 1721 386 1789 τὴν
417 1729 650 1788 γυναῖκα
684 1720 879 1772 δοῦναι
917 1720 1016 1787 τὴν
1056 1718 1225 1772 αὑτοῦ
1264 1716 1355 1771 καὶ
1393 1727 1502 1770 τῶν
1539 1719 1754 1771 παίδων

76 1808 229 1862 ἐᾶσαι
268 1809 540 1861 κοινωνὸν
580 1806 724 1879 αὑτῷ
769 1804 1044 1874 γενέσθαι.
1105 1804 1196 1859 καὶ
1234 1807 1307 1875 μὴ
1346 1806 1669 1874 θαυμάζετε,
1705 1807 1758 1859 εἰ

75 1898 245 1949 τᾶλλα
270 1892 753 1963 σκευωρουμένους
782 1894 982 1956 αὐτοὺς
1005 1895 1070 1947 τὰ
1103 1893 1162 1947 ἐν
1196 1902 1260 1964 τῇ
1292 1895 1562 1963 μισθώσει
1593 1901 1755 1948 τοῦτο

76 1983 403 2054 παρέλαθεν.
481 1987 610 2044 ἴσως
660 1979 759 2050 μὲν
811 1982 913 2050 γὰρ
962 1978 1094 2035 οὐδὲ
1143 1991 1437 2053 προσεῖχον
1475 1981 1623 2054 ἄλλῳ
1663 1981 1755 2035 οὐ-

80 2075 217 2141 δενί,
255 2071 288 2140 ἢ
327 2077 401 2142 τῷ
435 2070 500 2123 τὰ
531 2071 776 2139 χρήματα
817 2069 1181 2140 ἀποστερῆσαι
1221 2068 1310 2122 καὶ
1350 2076 1423 2141 τῷ
1464 2072 1756 2139 προσοφεί-

80 2166 244 2214 λοντα
294 2160 390 2213 τὸν
439 2157 642 2228 πατέρα
694 2154 983 2227 ἐγγράψαι·
1035 2154 1149 2211 εἶτα
1200 2154 1331 2211 οὐδὲ
1386 2157 1619 2211 ἐδόκουν
1665 2154 1758 2226 ἐμὲ

81 2248 222 2302 οὕτω
263 2249 449 2301 δεινὸν
490 2249 733 2314 ἔσεσθαι,
774 2246 909 2298 ὥστε
948 2253 1116 2298 ταῦτα
1155 2245 1390 2315 ἀκριβῶς
1430 2245 1686 2309 ἐξετάσαι.

14 2351 56 2382 18
191 2333 486 2399 Σκέψασθε
519 2337 710 2387 τοίνυν
741 2332 831 2386 καὶ
863 2335 989 2396 τοὺς
1019 2336 1245 2403 νόμους,
1282 2331 1411 2403 παρ’
1458 2328 1536 2386 ὧν
1574 2334 1758 2385 κελεύ-

81 2436 206 2476 ουσι
244 2422 338 2484 τὰς
385 2420 581 2489 ἐγγύας
626 2426 932 2490 ποιεῖσθαι,
979 2418 1052 2474 ἵν’
1095 2421 1272 2489 εἰδῆτε
1321 2419 1411 2474 καὶ
1450 2420 1509 2473 ἐκ
1548 2422 1759 2474 τούτων

82 2512 153 2573 ὡς
199 2507 694 2577 κατεσκευασμένης
748 2509 1017 2618 διαθήκης
1060 2508 1268 2577 ψευδὴς
1315 2507 1519 2578 μάρτυς
1567 2507 1758 2577 γέγονε

83 2596 367 2667 Στέφανος
406 2596 607 2650 οὑτοσί.

803 2689 1029 2734 ΝΟΜΟΣ.

255 2779 353 2833 Ην
392 2803 454 2833 αν
492 2781 705 2853 ἐγγυήσῃ
744 2781 824 2833 ἐπὶ
871 2782 1077 2843 δικαίοις
1115 2782 1333 2848 δάμαρτα
1370 2776 1494 2832 εἶναι
1531 2779 1564 2846 ἢ
1601 2783 1760 2849 πατὴρ

158 2863 191 2930 ἢ
231 2862 440 2928 ἀδελφὸς
480 2862 735 2930 ὁμοπάτωρ
772 2883 806 2928 η
844 2863 1044 2922 πάππος
1082 2860 1107 2912 ὁ
1145 2863 1267 2929 πρὸς
1306 2862 1509 2930 πατρός,
1554 2861 1608 2912 ἐκ
1645 2863 1760 2912 ταύ-

161 2964 246 3009 της
284 2939 409 2994 εἶναι
439 2944 620 3004 παῖδας
649 2942 895 3010 γνησίους.
956 2941 1042 2992 ἐὰν
1074 2940 1126 2992 δὲ
1159 2941 1327 3007 μηδεις
1365 2942 1397 3014 ᾗ
1434 2943 1636 3008 τούτων,
1675 2941 1762 2992 ἐὰν
