2035 3158
153 124 258 175 184
498 122 502 124 ’
689 125 763 166 LI.
811 104 1274 164 ΔΗΜΟΣΘΕΝΟΤΣ

149 254 238 308 καὶ
279 257 511 309 δοκοῦσί
543 275 635 324 μοι
674 256 876 317 παντὸς
908 252 1327 323 διημαρτηκέναι
1365 262 1464 307 τοῦ
1494 254 1823 323 πράγματος,

149 342 238 396 καὶ
293 345 533 411 νομίζειν
589 340 710 412 οὐχὶ
764 351 877 405 τοῖς
936 350 1192 395 ποιοῦσιν
1246 340 1278 393 ἃ
1334 342 1424 393 δεῖ
1471 342 1632 412 χάριν
1682 341 1821 410 ὑμᾶς

150 435 311 501 ἔχειν,
343 429 479 483 ἀλλὰ
505 438 617 491 τοῖς
640 428 968 497 φάσκουσιν,
1001 428 1067 481 οὐ
1098 430 1194 481 τὸν
1228 428 1396 480 αὐτὸν
1428 431 1631 498 τρόπον
1655 428 1823 497 ἐγνω-

149 522 299 580 κότες
338 518 505 587 ὅνπερ
547 516 650 584 ἐγὼ
691 515 814 584 περὶ
853 516 1023 584 ὑμῶν.
1085 515 1174 568 καὶ
1220 513 1334 568 κατ’
1382 516 1513 570 αὐτὸ
1554 517 1620 585 δὴ
1661 525 1819 570 τοῦτο

151 608 371 669 δικαίως
421 605 489 658 ἂν
540 602 712 674 ἔχοιθ’
757 602 1156 674 εὐνοϊκωτέρως
1214 604 1353 672 ἐμοί·
1404 607 1668 673 φαίνομαι
1719 605 1821 673 γὰρ

104 682 125 741 ὲ
150 697 397 762 βελτιόυς
443 693 581 761 ὑμᾶς
625 692 1030 760 ὑπολαμβάνων
1077 691 1109 760 ἢ
1156 688 1321 745 οὗτοι.
1391 699 1528 761 χρῆν
1574 688 1674 760 μὲν
1720 687 1823 745 οὖν

151 778 192 834 ὦ
226 783 422 850 ἄνδρες
447 778 733 848 Ἀθηναῖοι
766 778 854 832 καὶ
888 781 1100 832 δίκαιον
1133 775 1220 848 ἧν,
1260 781 1385 841 τοὺς
1423 782 1519 833 τὸν
1553 778 1823 849 στέφανον
2029 840 2035 850 ¹

150 869 436 938 οἰομένους
477 870 593 921 δεῖν
632 865 759 936 παρ’
803 867 957 936 ὑμῶν
999 871 1214 936 λαβεῖν,
1253 867 1451 930 αὑτοὺς
1489 867 1672 932 ἀξίους
1711 867 1823 920 ἐπι·
1843 888 1954 928 1229

152 958 434 1010 δεικνύναι
490 957 713 1023 τούτου,
775 957 847 1024 μὴ
892 952 976 1024 ’μὲ
1023 965 1198 1017 κακῶς
1250 955 1444 1024 λέγειν.
1523 956 1707 1025 ἐπειδὴ
1765 953 1824 1009 δὲ

152 1054 310 1099 τοῦτο
350 1043 609 1114 παρέντες
649 1043 825 1096 ἐκεῖνο
858 1052 1133 1112 ποιοῦσιν,
1173 1041 1430 1113 ἀμφότερ’
1477 1043 1674 1106 αὐτοὺς
1713 1044 1824 1097 ἐπι-

153 1133 311 1197 δείξω
352 1131 747 1201 ψευδομένους,
787 1133 819 1183 ἅ
857 1129 917 1184 θ’
962 1131 1160 1194 αὑτοὺς
1200 1131 1568 1200 ἐνεκωμίασαν
1606 1130 1696 1184 καὶ
1736 1130 1818 1184 ὅσ’

152 1224 228 1284 εἰς
266 1222 404 1290 ἡμᾶς
446 1220 898 1289 ἐβλασφήμησαν,
946 1219 999 1283 ἐξ
1048 1220 1229 1272 αὐτῶν
1276 1229 1384 1272 τῶν
1430 1219 1825 1288 πεπραγμένων

154 1307 438 1378 ἑκατέροις.

108 1415 128 1446 4
274 1400 538 1466 Ψήφισμα
577 1397 679 1465 γὰρ
726 1395 882 1464 ὑμῶν
928 1394 1337 1464 ποιησαμένων,
1384 1395 1442 1458 ὃς
1486 1395 1556 1449 ἂν
1601 1397 1674 1465 μὴ
1720 1398 1826 1465 πρὸ

153 1493 245 1554 τῆς
283 1485 407 1553 ἕνης
445 1482 535 1537 καὶ
574 1483 699 1547 νέας
739 1482 824 1536 ἐπὶ
856 1492 1008 1553 χῶμα
1040 1485 1139 1552 τὴν
1171 1492 1312 1536 ναῦν
1350 1487 1694 1555 περιορμίσῃ,
1735 1487 1827 1554 δῆ-

154 1588 244 1626 σαι
281 1572 370 1626 καὶ
411 1574 739 1643 δικαστηρίῳ
786 1572 1158 1641 παραδοῦναι,
1205 1570 1295 1623 καὶ
1342 1580 1508 1625 ταῦτα
1548 1574 1827 1642 κυρωσάν-

154 1682 288 1729 των,
343 1660 447 1729 ἐγὼ
503 1657 601 1729 μὲν
656 1661 992 1730 περιώρμισα
1046 1657 1135 1711 καὶ
1190 1658 1461 1728 στέφανον
1517 1661 1606 1712 διὰ
1660 1669 1828 1713 ταῦτα

152 1747 276 1820 παρ’
322 1750 478 1817 ὑμῶν
518 1751 742 1817 ἔλαβον,
790 1744 942 1801 οὗτοι
991 1744 1038 1800 δ’
1086 1744 1216 1801 οὐδὲ
1255 1751 1652 1817 καθείλκυσαν,
1697 1746 1824 1801 ὥστ’

155 1841 336 1908 ἔνοχοι
385 1838 564 1908 δεσμῷ
620 1840 926 1905 γεγόνασιν.
1003 1845 1116 1900 πῶς
1170 1832 1270 1889 οὖν
1327 1837 1426 1890 οὐκ
1482 1835 1828 1890 ἀτοπώτατον

155 1926 222 1979 ἂν
263 1923 645 1995 διαπράξαισθ’
693 1927 882 1995 ἔργον,
923 1927 972 1977 εἰ
1009 1927 1135 1987 τοὺς
1173 1921 1300 1977 καθ’
1347 1924 1528 1977 αὑτῶν
1569 1923 1826 1988 ἐάσαντας

155 2018 357 2083 τίμημα
409 2021 663 2067 τοιοῦτον
723 2012 1054 2082 ἐπαχθῆναι,
1108 2014 1335 2075 τούτους
1389 2013 1831 2081 στεφανώσαντες

111 2119 129 2150 5
157 2103 308 2171 ὑμεῖς
353 2105 673 2171 φαίνοισθε;
721 2102 786 2153 τὰ
834 2102 997 2169 σκεύη
1046 2103 1256 2169 τοίνυν,
1302 2100 1402 2153 ὅσα
1450 2101 1538 2154 δεῖ
1576 2099 1831 2171 παρέχειν

155 2192 254 2258 τὴν
304 2193 465 2243 πόλιν
515 2199 628 2252 τοῖς
677 2189 1050 2259 τριηράρχοις,
1102 2188 1205 2257 ἐγὼ
1258 2185 1357 2257 μὲν
1405 2188 1462 2241 ἐκ
1511 2198 1621 2242 τῶν
1673 2191 1830 2242 ἰδίων

156 2277 410 2347 ἀνήλωσα
460 2277 549 2330 καὶ
600 2287 709 2330 τῶν
762 2279 1040 2346 δημοσίων
1093 2279 1291 2345 ἔλαβον
1333 2275 1527 2345 οὐδέν,
1575 2273 1730 2331 ὀὗτοι
1771 2275 1824 2330 δ’

157 2365 436 2435 ὑμετέροις
466 2364 752 2435 κέχρηνται
785 2363 874 2417 καὶ
911 2374 1019 2416 τῶν
1052 2363 1328 2434 σφετέρων
1362 2361 1526 2418 οὐδὲν
1558 2367 1635 2428 εἰς
1665 2375 1833 2418 ταῦτα

156 2463 450 2524 προεῖνται.
520 2452 609 2506 καὶ
657 2455 765 2522 μὴν
813 2450 931 2507 οὐδ’
979 2452 1046 2506 ἂν
1094 2452 1270 2506 ἐκεῖνό
1317 2451 1366 2520 γ’
1420 2455 1595 2522 ἔχοιεν
1642 2455 1833 2522 εἰπεῖν,

159 2544 230 2605 ὡς
262 2539 607 2612 ἀνεπειρῶντ’
650 2541 782 2610 ἐμοῦ
821 2544 1097 2610 πρότεροι·
1138 2539 1269 2609 πρὶν
1308 2541 1410 2610 γὰρ
1451 2537 1628 2610 ἧφθαι
1659 2544 1834 2610 μόνον

158 2638 250 2698 τῆς
303 2632 560 2699 τριήρους
613 2631 842 2692 τούτους
905 2628 1252 2699 ἐπεπλήρωτό
1315 2649 1433 2698 μοι,
1497 2628 1586 2681 καὶ
1639 2630 1834 2693 πάντες

116 2716 363 2788 6ἐωρᾶθ’
421 2718 576 2787 ὑμεῖς
633 2715 1082 2787 ἀναπειρωμένην
1140 2718 1240 2786 τὴν
1288 2726 1445 2771 ναῦν.
1519 2719 1595 2770 ἔτι
1645 2720 1835 2771 τοίνυν

162 2805 465 2875 ὑπηρεσίαν
489 2807 588 2875 τὴν
612 2809 902 2876 κρατίστην
927 2808 1145 2874 ἔλαβον,
1175 2809 1358 2877 πολλῷ
1391 2808 1647 2858 πλεῖστον
1671 2805 1835 2873 ἀργύ-

164 2894 472 2962 ριονδούς.
536 2889 689 2948 οὗτοι
729 2891 778 2947 δ’
818 2895 869 2947 εἰ
904 2890 1004 2963 μὲν
1043 2890 1192 2963 εἶχον
1223 2890 1423 2963 χείρον’
1461 2892 1632 2962 ἡμῶν,
1672 2891 1837 2947 οὐδὲν
