2035 3158
758 75 925 163 ΠΡοὲ
960 121 1311 163 ΠΟΛΥΚΛΕΑ.
1770 119 1884 170 165·

198 251 290 307 καὶ
322 255 721 325 Καλχηδονίων
750 252 841 307 καὶ
874 255 1197 323 Κυζικηνῶν
1229 255 1579 322 καταγόντων
1609 253 1673 306 τὰ
1710 257 1874 307 πλοῖα

199 331 368 395 ἕνεκα
393 349 488 411 τῆς
526 342 668 404 ἰδίας
705 343 889 411 χρείας
926 350 1024 395 τοῦ
1064 344 1245 410 σίτου,
1290 340 1380 395 καὶ
1427 341 1662 411 ὁρῶντες
1701 340 1760 394 ἐν
1799 349 2001 413 τῷιιὶοε

199 434 455 501 Πειραιεῖ
487 431 583 486 τὸν
623 438 776 482 σῖτον
817 428 1218 499 ἐπιτιμώμενον
1257 428 1346 482 καὶ
1386 429 1487 483 οὐκ
1526 431 1658 483 ὄντα
1697 430 1872 499 ἄφθο-

198 537 300 572 νον
339 518 624 586 ὠνεῖσθαι,
662 516 1008 587 ἐψηφίσασθε
1041 517 1134 580 τάς
1164 537 1220 570 τε
1251 526 1387 580 ναῦς
1425 516 1714 571 καθέλκειν
1749 519 1875 579 τοὺς

198 606 558 676 τριηράρχους
601 603 693 658 καὶ
739 608 1124 674 παρακομίζει-ν
1172 604 1257 658 ἐπὶ
1304 608 1364 659 τὸ
1404 615 1583 675 χῶμα,
1621 603 1710 658 καὶ
1748 607 1877 666 τοὺς

198 694 496 763 βουλευτὰς
541 691 630 746 καὶ
678 695 806 756 τοὺς
853 694 1165 764 δημάρχους
1218 697 1552 762 καταλόγους
1596 698 1875 747 ποιεῖσθαι
1945 730 1948 733 -

199 792 308 836 τῶν
355 783 608 851 δημοτῶν
654 780 742 834 καὶ
789 780 1087 852 ἀποφέρειν
1136 782 1361 850 ναύτας,
1407 780 1496 834 καὶ
1544 782 1635 834 διὰ
1681 781 1878 852 τάχους

198 872 296 924 τὸν
332 869 641 923 ἀπόστολον
680 875 962 923 ποιεῖσθαι
1009 868 1098 923 καὶ
1146 874 1378 939 βοηθεῖν
1427 868 1725 940 ἑκασταχοῖ.
1787 867 1892 933 καὶ,

200 958 413 1028 ἐνίκησε
451 959 513 1012 τὸ
547 955 977 1027 Ἀριστοφῶντος
1014 960 1269 1028 ψήφισμα
1308 962 1472 1012 τουτί.

882 1120 1182 1160 ΨΗΦΙΣΜΑ.

157 1238 172 1269 ³
317 1226 429 1277 Τοῦ
475 1219 576 1292 μὲν
630 1226 977 1293 ψηφίσματος
1030 1226 1223 1276 τοίνυν
1277 1222 1539 1292 ἀκηκόατε
1587 1219 1630 1276 ὦ
1680 1223 1878 1293 ἄνδρες

199 1314 460 1365 δικασταί.
523 1311 628 1380 ἐγὼ
669 1309 719 1364 δ’
767 1311 953 1380 ἐπειδή
993 1331 1085 1381 μοι
1134 1311 1235 1364 οὐκ
1279 1307 1460 1380 ἦλθον
1500 1313 1559 1365 οἱ
1591 1319 1785 1365 ναῦται
1824 1311 1884 1364 ol

197 1398 576 1468 καταλεγέντες
612 1399 719 1452 ὑπὸ
758 1409 869 1452 τῶν
910 1401 1181 1469 δημοτῶν,
1220 1397 1339 1453 ἀλλ’
1378 1399 1411 1469 ἢ
1444 1400 1620 1469 ὀλίγοι
1657 1398 1746 1453 καὶ
1786 1395 1876 1453 οὗ-

195 1510 280 1543 τοι
319 1487 605 1556 ἀδύνατοι,
643 1488 874 1550 τούτους
905 1484 1006 1557 μὲν
1038 1487 1239 1557 ἀφῆκα,
1277 1488 1508 1552 ὑποθεὶς
1547 1486 1608 1543 δὲ
1645 1489 1746 1557 τὴν
1786 1488 1877 1542 οὐ-

197 1581 323 1630 σιάν
361 1578 461 1645 τὴν
501 1575 740 1645 ἐμαυτοῦ
778 1574 868 1629 καὶ
910 1577 1300 1645 δανεισάμενος
1337 1576 1630 1647 ἀργύριον,
1667 1585 1879 1648 πρῶτος

199 1664 595 1735 ἐπληρωσάμην
626 1665 726 1733 τὴν
757 1662 917 1732 ναῦν,
957 1665 1378 1734 μισθωσάμενος
1414 1666 1615 1728 ναύτας
1654 1666 1726 1728 ὡς
1756 1659 1877 1719 οἷόν

199 1753 242 1807 τ’
294 1749 365 1823 ἦν
410 1741 694 1822 ἀρίστους,
744 1752 974 1822 δωρειὰς
1020 1751 1109 1805 καὶ
1156 1755 1447 1822 προδόσεις
1494 1756 1626 1816 δοὺς
1672 1752 1877 1828 ἑκάστῳ

199 1843 381 1896 αὐτῶν
413 1841 663 1910 μεγάλας.
728 1842 804 1893 ἔτι
837 1837 898 1893 δὲ
931 1842 1182 1894 σκεύεσιν
1216 1842 1377 1904 ἰδίοις
1407 1842 1507 1910 τὴν
1538 1850 1680 1895 ναῦν
1711 1844 1878 1896 ἅπασι

198 1930 591 1997 κατεσκεύασα,
651 1927 742 1982 καὶ
795 1938 904 1982 τῶν
960 1930 1240 1998 δημοσίων
1293 1932 1492 1999 ἔλαβον
1546 1930 1737 2000 οὐδέν,
1789 1929 1879 1984 καὶ

198 2021 383 2092 κόσμῳ
423 2017 494 2081 ὡς
533 2010 654 2071 οἷόν
692 2014 738 2070 τ’
784 2013 854 2086 ἧν
894 2017 1154 2070 κάλλιστα
1186 2016 1275 2071 καὶ
1309 2017 1735 2087 διαπρεπέστατα
1769 2029 1879 2073 τῶν

199 2106 558 2176 τριηράρχων.
617 2104 920 2174 ὑπηρεσίαν
954 2108 1143 2159 τοίνυν
1173 2105 1243 2173 ἢν
1276 2105 1556 2175 ἐδυνάμην
1586 2111 1878 2177 κρατίστην

156 2210 177 2241 8
201 2193 609 2264 ἐμισθωσάμην.
671 2193 739 2247 οὐ
777 2196 950 2262 μόνον
991 2197 1182 2248 τοίνυν
1216 2189 1258 2247 ὦ
1291 2195 1488 2265 ἄνδρες
1527 2195 1775 2249 δικασταὶ
1812 2198 1877 2250 τὰ

200 2283 334 2336 κατὰ
372 2283 472 2350 τὴν
510 2284 867 2351 τριηραρχίαν
915 2281 1213 2351 ἀνήλισκον
1261 2285 1380 2336 τότε
1428 2283 1570 2336 οὕτω
1609 2289 1877 2354 πολυτελῆ

201 2374 358 2439 ὄντα,
411 2369 549 2423 ἀλλὰ
602 2367 691 2423 καὶ
744 2378 854 2422 τῶν
907 2370 1197 2440 χρημάτων
1245 2366 1321 2424 ὧν
1369 2374 1446 2435 είς
1498 2374 1595 2426 τὸν
1641 2375 1877 2427 ἔκπλουν

200 2459 546 2529 ἐψηφίσασθε
607 2459 985 2528 εἰσενεχθῆναι
1048 2457 1211 2529 μέρος
1271 2458 1371 2513 οὐκ
1435 2460 1718 2530 ἐλάχιστον
1771 2462 1875 2530 ἐγὼ

204 2549 342 2618 ὑμῖν
367 2547 780 2617 προεισήνεγκα.
854 2546 1022 2610 δόξαν
1061 2548 1164 2617 γὰρ
1205 2547 1336 2617 ὑμῖν
1383 2545 1521 2619 ὑπὲρ
1559 2558 1669 2602 τῶν
1709 2550 1873 2619 δημο-

199 2647 309 2690 τῶν
353 2637 482 2698 τοὺς
526 2636 825 2704 βουλευτὰς
879 2634 1197 2704 ἀπενεγκεῖν
1251 2637 1380 2698 τοὺς
1432 2640 1876 2707 προεισοίσοντας

199 2734 310 2778 τῶν
346 2743 404 2778 τε
444 2725 694 2793 δημοτῶν
724 2721 815 2777 καὶ
846 2733 955 2777 τῶν
987 2722 1410 2793 ἐγκεκτημένων,
1449 2724 1874 2796 προσαπηνέχθη

202 2833 308 2881 μου
345 2812 587 2881 τοῦνομα
618 2811 678 2865 ἐν
709 2821 938 2882 τριττοῖς
971 2814 1181 2882 δήμοις,
1220 2814 1312 2866 διὰ
1349 2814 1411 2867 τὸ
1450 2815 1697 2884 φανερὰν
1736 2811 1882 2868 εἶναί

159 2913 178 2943 9
203 2920 308 2969 μου
346 2900 446 2968 τὴν
485 2899 694 2954 οὐσίαν.
755 2897 845 2952 καὶ
883 2901 1095 2954 τούτων
1136 2899 1259 2968 ε’γῶ,
1300 2901 1563 2970 οὐδεμίαν
1595 2904 1875 2973 πρόφασιν
