2035 3158
609 167 772 209 ΠΡΟΣ
803 166 1239 208 ΝΙΚΟΣ-ΤΡΑΤΟΝ.
1658 167 1766 218 205

82 297 173 352 καὶ
211 300 545 368 φυτευτήρια
594 297 770 351 ἐλαῶν
817 301 1179 368 περιστοίχων
1224 297 1578 366 κατέκλασε-ν,
1624 299 1765 353 οὕτω

15 398 67 433 ιε·
85 387 279 449 δεινῶς
317 386 390 448 ὡς
422 382 544 439 οὐδ’
581 383 650 438 ἂν
683 385 742 439 οἱ
766 384 1016 454 πολέμιοι
1049 387 1311 438 διαθεῖεν.
1371 387 1506 455 πρὸς
1545 382 1605 438 δὲ
1643 388 1766 439 τού-

81 493 196 538 τοις
233 471 361 543 μεθ’
403 471 612 543 ἡμέραν
658 473 952 541 παιδάριον
1001 472 1168 526 ἀστὸν
1216 471 1635 542 εἰσπέμψαντες,
1675 474 1764 526 διὰ

81 562 144 616 τὸ
182 560 422 631 γείτονές
460 581 516 615 τε
556 557 697 614 εἶναι
736 545 825 616 καὶ
873 561 1078 632 ὅμορον
1129 565 1188 615 τὸ
1236 565 1468 632 χωρίον,
1517 560 1765 615 ἐκέλευον

81 650 184 718 τὴν
231 649 510 719 ῥοδωνιὰν
557 648 978 717 βλαστάνουσαν
1029 649 1320 718 ἐκτίλλειν,
1366 647 1468 718 ἵν’,
1515 650 1565 701 εί
1606 668 1765 702 κατα-

82 737 268 806 λαβὼν
321 737 489 791 αὐτὸν
546 736 650 805 ἐγὼ
701 739 838 807 πρὸς
892 738 1064 807 ὀργὴν
1120 740 1344 814 δήσαιμι
1394 737 1426 806 ἢ
1476 736 1761 806 πατάξαιμι

83 824 157 888 ὡς
186 825 453 878 δοῦλον”
425 844 575 893 οντα,
615 827 835 894 γραφήν
874 845 938 894 με
980 826 1282 895 γράψαιντο
1315 826 1538 894 ὕβρεως.
1602 826 1673 888 ὡς
1705 823 1761 878 δὲ
1787 840 1896 879 1252

82 911 280 966 τούτου
330 913 659 1018 διήμαρτον,
714 912 860 980 κάγὼ
912 913 1191 982 μάρτυρας
1244 933 1344 981 μεν
1398 909 1475 966 ὧν
1530 916 1764 983 ἔπασχον

82 998 408 1068 ἐποιούμην,
456 999 617 1062 αὐτὸς
667 998 717 1051 δ’
775 996 940 1053 οὐδεν
996 999 1366 1069 ἐξημάρτανον
1420 1002 1497 1064 εἰς
1550 1002 1764 1063 αὐτούς

83 1086 326 1141 ἐνταῦθα
373 1088 442 1156 δή
491 1108 582 1155 μοι
632 1087 1050 1156 ἐπιβουλεύουσι
1096 1090 1197 1157 τὴν
1243 1091 1502 1158 μεγίστην
1548 1089 1763 1159 ἐπιβου-

17 1189 56 1221 1‘1
82 1176 206 1244 λήν·
248 1173 683 1243 ἀνακεκριμένου
723 1176 826 1244 γὰρ
875 1176 981 1244 ἤδη
1021 1195 1128 1244 μου
1167 1174 1279 1228 κατ’
1328 1176 1497 1230 αὐτοῦ
1535 1178 1635 1246 τὴν
1674 1185 1766 1245 τῆς

80 1264 505 1331 ψευδοκλητείας
552 1263 770 1332 γραφὴν
825 1261 914 1316 καὶ
972 1261 1266 1332 μέλλοντος
1311 1263 1537 1317 εἰσιέναι
1583 1267 1659 1328 εἰς
1705 1269 1763 1319 τὸ

6 1396 12 1400 .
83 1351 464 1420 δικαστήριον,
528 1353 765 1419 τηρήσας
817 1370 882 1420 με
938 1351 1163 1405 ἀνιόντα
1225 1351 1283 1405 ἐκ
1337 1356 1612 1421 Πειραιῶς
1664 1351 1789 1418 ὀψὲ

81 1436 204 1508 περὶ
244 1439 337 1501 τὰς
375 1442 722 1507 λιθοτομίας,
767 1442 913 1491 παίει
960 1458 1015 1492 τε
1063 1439 1166 1503 πὺξ
1208 1438 1298 1492 καὶ
1337 1439 1559 1510 ἁρπάζει
1597 1440 1764 1510 μέσον

80 1524 171 1579 καὶ
211 1526 352 1580 ὠθεῖ
385 1545 449 1595 με
489 1528 567 1589 εἰς
604 1527 698 1589 τὰς
736 1529 1082 1596 λιθοτομίας,
1129 1530 1180 1580 εἰ
1216 1531 1289 1597 μή
1329 1548 1471 1592 τινες
1508 1532 1763 1599 προσιόν-

79 1633 184 1683 τες,
221 1615 465 1682 βοῶντός
503 1634 610 1683 μου
649 1614 1007 1682 ἀκούσαντες,
1054 1615 1422 1684 παρεγένοντο
1469 1616 1559 1670 καὶ
1607 1616 1761 1687 ἐβοή-

78 1707 279 1772 θησαν.
349 1700 574 1770 ἡμέραις
623 1700 672 1755 δ’
717 1703 784 1756 οὐ
831 1707 1059 1765 πολλαῖς
1105 1703 1340 1772 ὕστερον
1379 1706 1648 1759 εἰσελθὼν
1687 1709 1763 1768 εἰς

78 1791 141 1845 τὸ
202 1790 554 1858 δικαστήριον
615 1792 750 1860 πρὸς
809 1790 1017 1860 ἡμέραν
1079 1792 1612 1863 διαμεμετρημένην,
1673 1795 1760 1848 καὶ,

81 1874 297 1945 ἐλέγξας
346 1877 513 1938 αὐτὸν
565 1879 629 1930 τὰ
688 1880 863 1946 ψευδῆ
923 1882 1314 1947 κεκλητευκότα
1372 1880 1461 1933 καὶ
1511 1883 1575 1935 τὰ
1625 1884 1762 1936 ἄλλα

17 1980 58 2013 18
81 1965 183 2018 ὅσα
221 1970 410 2033 εἴρηκα
448 1965 761 2034 ἠδικηκότα,
801 1959 966 2019 εἷλον.
1029 1965 1119 2020 καὶ
1168 1966 1226 2020 ἐν
1274 1977 1335 2038 τῇ
1383 1973 1594 2039 τιμήσει
1631 1974 1761 2041 βου-

80 2050 329 2122 λομένων
367 2063 476 2106 τῶν
516 2056 786 2107 δικαστῶν
834 2055 1083 2108 θανάτου
1132 2064 1351 2133 τιμῆσαι
1400 2058 1572 2131 αὐτῷ,
1613 2059 1760 2128 ἐδεή-

79 2146 192 2210 θην
216 2140 321 2209 ἐγὼ
347 2150 456 2194 τῶν
482 2143 752 2195 δικαστῶν
784 2140 957 2210 μηδὲν
992 2141 1064 2195 δι’
1096 2142 1230 2211 ἐμοῦ
1261 2154 1514 2199 τοιοῦτον
1545 2147 1761 2217 πρᾶξαι,

81 2228 218 2282 ἀλλὰ
257 2229 613 2298 συνεχώρησα
653 2230 891 2298 ὅσουπερ
942 2230 1098 2284 αὐτοὶ
1147 2231 1433 2302 ἐτιμῶντο,
1473 2236 1760 2305 ταλάντου,

81 2315 181 2387 οὐχ
226 2314 318 2370 ἵνα
364 2317 436 2384 μὴ
484 2315 760 2370 ἀποθάνοι
809 2318 836 2371 ὁ
873 2315 1226 2387 Ἀρεθούσιος
1276 2319 1422 2391 (ἄξια
1470 2323 1572 2393 γὰρ
1612 2324 1757 2397 αὐτῷ

79 2402 328 2457 θανάτου
375 2410 625 2471 εἴργαστο
681 2407 757 2467 εἰς
812 2404 962 2476 ἐμέ),
1018 2404 1137 2459 ἀλλ’
1187 2405 1262 2460 ἵν’
1315 2408 1419 2477 ἐγὼ
1469 2414 1760 2475 Πασίωνος

82 2491 159 2545 ὢν
191 2490 279 2545 καὶ
312 2492 445 2544 κατὰ
484 2493 737 2561 ψήφισμα
776 2496 998 2563 πολίτης
1039 2494 1247 2563 μηδένα
1283 2494 1590 2565 Ἀθηναίων
1635 2498 1759 2552 ἀπε-

80 2579 285 2642 κτονὼς
323 2585 456 2649 εἰῧην,
519 2580 591 2642 ὡς
632 2578 681 2632 δ’
724 2579 904 2649 ἀληθῆ
945 2587 1133 2651 εἴρηκα
1172 2586 1307 2653 πρὸς
1345 2585 1511 2654 ὑμᾶς,
1549 2586 1759 2640 τούτων

80 2666 213 2736 ὑμῖν
250 2669 378 2731 τοὺς
415 2669 690 2739 μάρτυρας
729 2668 952 2722 πάντων
993 2670 1306 2741 παρέξομαι.
