2035 3158
190 202 259 254 13
682 206 817 245 xnu.
863 202 1369 263 [ΔΗΜΟΣΘΕΝΟΥΣ]

189 336 516 404 ἀποφαίνειν
557 334 646 389 καὶ
684 337 784 404 τὴν
821 338 1148 406 πρόκλησιν,
1196 339 1376 390 ἔπειτα
1416 338 1506 400 τὰς
1546 342 1860 408 μαρτυρίας,

189 424 260 486 ὡς
299 421 389 476 δύ’
428 427 595 476 οἴκων
628 424 1081 492 λῃτουργούντων
1116 422 1301 477 οὑτοσὶ
1337 427 1644 488 Φαίνιππος
1673 429 1860 495 κεκλη-

189 512 506 579 ρονόμηκεν.

510 626 732 668 ΧΟΜΟΣ,
784 627 1152 669 ΠΡΟΚΛΗΣΙΣ.
1200 627 1535 669 MAPTTPIAL

288 711 384 766 ’Ἑν
430 716 603 782 μόνον
649 715 718 767 ἄν
766 735 846 778 τις
900 717 1012 785 ἔχοι
1072 714 1241 779 δεῖξαι
1288 714 1505 769 τουτονὶ
1547 719 1862 769 Φαίνιππον

187 799 681 870 πεφιλοτιμημένον
712 804 790 864 είς
820 802 959 871 ὑμᾶς
990 803 1186 871 ἄνδρες
1219 803 1490 856 δικασταί·
1533 803 1864 874 ἱπποτρόφος

188 885 397 954 ἀγαθός
435 888 546 941 ἐστι
586 887 676 942 καὶ
714 891 1018 959 φιλότιμος,
1057 891 1147 942 ἅτε
1187 888 1309 952 νέος
1348 889 1436 944 καὶ
1475 892 1735 954 πλούσιος
1771 890 1861 944 καὶ

190 977 412 1045 ἰσχυρὸς
451 977 543 1029 ὥν.
606 979 662 1029 τί
696 978 892 1031 τούτου
932 976 1067 1046 μέγα
1101 988 1348 1047 σημεῖονς
1390 977 1730 1047 ἀποδόμενος
1765 980 1862 1032 τὸν

187 1066 609 1133 πολεμιστήριον
642 1067 809 1118 ἵππον
841 1065 1206 1134 καταβέβηκεν
1247 1065 1350 1120 ἀπὸ
1391 1075 1499 1120 τῶν
1538 1068 1736 1134 ἵππων,
1772 1065 1862 1119 καὶ

187 1147 306 1202 ἀντ’
353 1150 568 1205 ἐκείνου
610 1151 769 1222 ὄχημ’
816 1153 962 1226 αὐτῷ
1011 1159 1326 1222 τηλικοῦτος
1366 1154 1443 1208 ὢν
1484 1154 1734 1223 ἐώνηται,
1771 1155 1863 1207 ἵνα

188 1239 260 1307 μὴ
307 1241 434 1308 πεζῇ
480 1241 796 1309 πορεύηται·
845 1242 1108 1309 τοσαύτης
1157 1239 1315 1304 οὗτος
1360 1250 1567 1312 τρυφῆς
1615 1241 1726 1295 ἐστι
1765 1246 1863 1310 ’με-

188 1328 325 1389 στός.
386 1325 476 1379 καὶ
517 1325 667 1380 τοῦτ’
715 1326 1067 1398 ἀπογέγραρέ
1102 1348 1222 1397 μοι,
1272 1337 1378 1381 τῶν
1426 1326 1483 1380 δὲ
1524 1333 1735 1396 κριθῶν
1773 1328 1862 1381 καὶ

187 1422 283 1467 τοῦ
324 1419 479 1468 οἴνου
520 1414 607 1468 καὶ
648 1424 757 1468 τῶν
797 1417 980 1469 ἄλλων
1019 1425 1129 1469 τῶν
1167 1415 1227 1469 ἐκ
1266 1424 1359 1484 τῆς
1397 1415 1642 1485 ἐσχατιᾶς
1678 1435 1861 1484 γιγνο-

122 1521 130 1533 ⁶
187 1499 366 1569 μένων
407 1499 538 1555 οὐδὲ
583 1506 643 1557 τὸ
692 1503 920 1557 δέκατον
966 1502 1141 1572 μέρος.
1205 1503 1358 1568 ἄξιόν
1407 1502 1453 1571 γ’
1501 1502 1719 1572 ἀφεῖναι
1756 1511 1862 1557 νῦν

188 1588 355 1643 αὐτόν
408 1589 585 1658 ἐστιν,
637 1590 823 1659 ἐπειδὴ
874 1593 1138 1660 χρήσιμος
1186 1589 1276 1643 καὶ
1326 1593 1611 1659 φιλότιμος
1660 1587 1750 1642 καὶ
1798 1597 1861 1659 τῇ

189 1676 348 1748 οὐσίᾳ
386 1676 474 1730 καὶ
514 1686 587 1750 τῷ
630 1680 851 1747 σώματι.
913 1683 1122 1732 πολλοῦ
1161 1697 1220 1746 γε
1259 1676 1348 1731 καὶ
1388 1679 1485 1731 δεῖ.
1547 1682 1728 1731 καλῶν
1758 1679 1862 1748 γὰρ

188 1762 448 1832 κάγαθῶν
495 1765 606 1819 ἐστι
656 1767 954 1829 δικαστῶν,
1001 1768 1127 1828 τοὺς
1173 1763 1272 1834 μὲν
1319 1776 1429 1818 τῶν
1467 1770 1704 1820 πολιτῶν
1744 1765 1863 1820 ἐθέ-

189 1857 412 1921 λοντας,
467 1851 596 1905 ὅταν
651 1853 950 1921 εὐπορῶσι,
1006 1857 1443 1921 λῃτουργοῦντας
1495 1851 1584 1905 καὶ
1638 1851 1698 1905 ἐν
1751 1862 1864 1915 τοῖς

189 1942 517 2009 τριακοσίοις
572 1941 731 2002 ὄντας
784 1938 1113 2007 ἀναπαύειν,
1176 1939 1307 1993 ὅταν
1361 1941 1556 1994 τούτου
1611 1940 1862 2009 δεόμενοι

188 2028 517 2097 τυγχάνωσι,
556 2029 683 2090 τοὺς
722 2025 782 2080 δὲ
814 2030 1132 2095 νομίζοντας
1164 2026 1480 2097 ἀπολλύειν,
1519 2028 1649 2081 ὅταν
1689 2029 1765 2091 εἰς
1801 2031 1863 2083 τὸ

188 2118 378 2168 κοινόν
425 2136 476 2168 τι
524 2115 940 2184 δαπανήσωσιν,
986 2116 1141 2182 ἄγειν
1186 2117 1264 2178 εἰς
1309 2118 1436 2178 τοὺς
1474 2114 1862 2187 προεισφέρον-

190 2223 282 2265 τας
320 2200 411 2256 καὶ
451 2205 523 2272 μὴ
565 2202 870 2272 ἐπιτρέπειν
910 2204 1278 2273 δραπετεύειν.
1348 2202 1470 2272 λέγε
1508 2213 1724 2274 πρῶτον
1762 2201 1863 2273 μὲν

189 2291 286 2358 τὴν
326 2293 650 2360 μαρτυριάν,
689 2294 869 2343 ἔπειτα
907 2291 1007 2359 τὴν
1046 2289 1322 2360 ἀπόφασιν
1362 2291 1546 2346 αὐτοῦ.

680 2437 993 2480 MAPTTPIA.
1042 2437 1367 2479 ΑΠΟΦΑΣΙΣ.

287 2523 384 2577 ”Ea
432 2533 612 2577 ταῦτα.
675 2527 847 2578 καίτοι
893 2526 1068 2578 πολλὰ
1115 2534 1224 2579 τῶν
1270 2526 1507 2579 ἔνδοθεν
1556 2525 1863 2594 ἐκφορήσας

190 2610 231 2664 ὦ
271 2613 468 2682 ἄνδρες
515 2612 762 2666 δικασταὶ
805 2615 1140 2681 Φαίνιππος,
1186 2611 1405 2677 ἀνοίξας
1450 2613 1514 2665 τὰ
1559 2626 1862 2682 παρασεση·

189 2698 435 2769 μασμένα
480 2709 589 2754 τῶν
636 2702 972 2770 οἰκημάτων,
1018 2701 1089 2762 ὡς
1134 2700 1267 2768 ὑμῖν
1312 2701 1734 2770 μεμαρτύρηται,
1771 2697 1861 2753 καὶ
1878 2712 1986 2752 1047

190 2788 499 2842 καταλιπὼν
551 2786 637 2842 ὅσ’
692 2788 877 2852 ἔδοξεν
917 2787 1082 2860 αὐτῷ,
1133 2786 1368 2861 δευτέρῳ
1409 2786 1538 2856 μηνὶ
1585 2789 1687 2857 τὴν
1731 2786 1860 2841 ἀπό-

189 2888 358 2944 φασιν
413 2875 587 2929 ἔδωκε’
635 2896 725 2945 μοι
779 2883 871 2944 τῆς
924 2875 1126 2938 οὐσίας.
1203 2873 1320 2928 ἀλλ’
1382 2875 1527 2944 ὅμως
1575 2877 1635 2928 ἔα
1678 2883 1860 2929 ταῦτα.

194 2961 313 3031 λέγε
355 2961 404 3016 δ’
452 2963 738 3017 ἐντευθενί
774 2962 886 3015 Ἆέπὶ
926 2963 1137 3026 τούτοις
1175 2963 1301 3017 τάδε
1343 2961 1580 3028 ὀφείλω.’
1638 2987 1640 2989 ·
