2035 3158
233 189 299 242 16
722 186 861 237 xnn.
908 190 1414 252 [ΔΗΜΟΣΘΕΝΟΤΣ]

754 328 798 366 Μ
804 320 1088 368 A'PTTPIAI.
1150 327 1358 370 NOMOI.

344 417 577 467 Τοιαῦτα
614 417 805 467 τοίνυν
839 410 879 466 ὦ
913 409 1110 483 ἄνδρες
1143 413 1389 467 δικασταὶ
1420 415 1710 476 πεπονθὼς
1743 414 1895 481 [ἐγὼ]

221 491 717 568 ὑποΦαινίππου,
766 500 1162 570 ἀπεγραψάμην
1215 504 1349 571 πρὸς
1394 504 1520 563 τοὺς
1566 503 1898 571 στρατηγοὺς

221 587 445 656 ταυτηνὶ
484 578 583 656 τὴν
623 588 964 657 ἀπογραφήν.
1028 585 1163 656 λε’γε.

881 750 1139 790 ΑΠΟΙῬΑ
1130 751 1225 790 Ι)Η.

152 863 194 895 Π
330 846 460 914 Πῶς
499 848 600 904 οὖν
641 854 842 920 ἄλλως,
890 855 1024 922 πρὸς
1071 863 1179 905 τῶν
1218 859 1368 905 θεῶν
1408 851 1495 905 καὶ
1536 855 1815 922 δαιμόνων
1854 849 1895 905 ὦ

218 928 414 1007 ἄνδρες
447 940 714 1007 δικασταί,
754 939 1119 993 ἐπιδεικνύειν
1151 940 1283 1008 ὑμῖν
1316 941 1403 993 δεῖ
1434 930 1748 994 Φαίνιππον
1780 943 1897 995 ε’νο-

217 1046 317 1094 χον
368 1028 499 1078 ὄντα
549 1037 662 1089 τοῖς
714 1024 1178 1095 ἀνεγνωσμένοις,
1236 1027 1269 1096 ἢ
1321 1027 1485 1097 ὅνπερ
1536 1031 1740 1098 τρόπον
1791 1028 1895 1097 ἐγὼ

218 1122 322 1166 νῦν
356 1114 704 1177 ἐπιδεικνύω;
743 1111 859 1167 ἀλλ’
899 1115 1044 1183 ὅμως
1077 1114 1157 1183 ἔμ’
1190 1115 1562 1185 ἀντεγράψατο
1591 1120 1898 1179 Φαίνιππος

216 1202 288 1270 μὴ
343 1202 565 1263 δικαίως
627 1201 955 1270 (ἶποφαίνειν
1018 1205 1118 1271 τὴν
1181 1203 1397 1256 οὐσίαν·
1455 1205 1596 1257 οὕτω
1651 1206 1710 1257 τὸ
1763 1206 1896 1276 πρὸς

214 1290 354 1358 ὑμᾶς
394 1290 698 1352 ψεύδεσθαι
740 1301 851 1352 τοῖς
890 1292 1158 1353 τοιούτοις
1200 1289 1397 1361 ῥᾴδιόν
1438 1292 1570 1344 ἐστι·
1611 1290 1700 1344 καὶ
1738 1311 1897 1360 κατη-

217 1387 374 1446 γορεῖ
402 1385 501 1431 τοῦ
533 1377 719 1446 ὅρκου,
763 1377 828 1430 ὃν
862 1380 1048 1446 ὤμοσα
1079 1381 1183 1447 πρὸ
1216 1388 1310 1447 τῆς
1341 1379 1682 1449 ἀποφάσεως,
1722 1379 1896 1447 λέγων

215 1465 298 1518 ὅτι
348 1467 491 1534 πλὴν
541 1475 650 1518 τῶν
702 1466 761 1517 ἐν
819 1476 930 1528 τοῖς
989 1470 1167 1536 ἔργοις
1226 1468 1540 1536 ὑπεσχόμην
1590 1467 1896 1537 ἀποφανεῖν

218 1556 319 1622 τὴν
361 1555 534 1622 ἄλλην
575 1553 788 1621 οὐσίαν,
830 1555 1009 1623 ὥσπερ
1049 1558 1109 1608 τὸ
1149 1556 1283 1607 κατὰ
1322 1559 1449 1618 τοὺς
1486 1559 1690 1624 νόμους
1729 1556 1896 1624 ὀμνύ-

148 1656 191 1686 18
215 1661 318 1708 ειν,
357 1640 502 1695 τοῦτ’
550 1641 704 1705 ἄξιον
751 1647 1076 1711 κατηγορίας
1122 1645 1201 1695 ὄν.
1271 1644 1424 1712 ὑμεῖς
1471 1641 1523 1696 δ’
1572 1640 1672 1696 ἰ”στ
1720 1649 1761 1696 ὡ
1802 1646 1895 1696 άν-

216 1731 339 1799 δρες
379 1732 632 1783 δικασται
668 1729 844 1799 (ὑμεῖς
876 1731 979 1799 γὰρ
1014 1729 1239 1801 ἔθεσθε)
1279 1734 1375 1785 τὸν
1414 1735 1608 1801 νόμον,
1647 1732 1705 1794 ὃς
1745 1733 1895 1800 διαρ-

215 1819 391 1886 ρήδην
424 1818 565 1871 οὕτω
600 1817 764 1885 λέγει,
798 1821 933 1880 τοὺς
958 1817 1009 1871 δ’
1049 1819 1428 1882 ἀντιδιδόντας
1460 1820 1732 1889 ἀλλήλοις,
1763 1820 1894 1873 ὅταν

215 1906 511 1973 ὀμόσαντες
549 1905 893 1974 ἀποφαίνωσι
933 1893 1053 1975 τῆν’
1074 1909 1287 1976 οὐσίαν,
1326 1910 1697 1978 προσομνύειν
1734 1910 1894 1972 τόνδε

214 1997 309 2046 τὸν
351 1994 518 2062 ὅρκον
567 1993 859 2062 (ἀποφανῶ
907 1996 1007 2062 τὴν
1056 1995 1250 2048 οὐσίαν
1297 1997 1396 2064 τὴν
1438 1996 1673 2063 ἐμαυτοῦ
1714 1997 1894 2066 ὀρθῶς

215 2080 302 2133 καὶ
337 2082 577 2149 δικαίως,
616 2084 759 2150 πλὴν
800 2092 908 2135 τῶν
949 2083 1008 2135 ἐν
1047 2094 1160 2146 τοῖς
1200 2086 1379 2152 ἔργοις
1416 2095 1529 2146 τοῖς
1568 2084 1893 2152 ἀργυρείοις,

146 2186 188 2215 19
215 2170 314 2221 ὅσα
348 2171 406 2223 οἱ
434 2172 592 2238 νόμοι
627 2170 785 2238 ἀτελῆ
827 2173 1226 2239 πεποιήκασιν.’
1290 2177 1499 2241 μᾶλλον
1540 2170 1599 2224 δὲ
1639 2172 1758 2240 λε’γε
1797 2173 1892 2225 τὸν

214 2260 385 2324 νόμον
433 2258 616 2311 αὐτόν.
687 2262 882 2326 μικρὸν
929 2257 1028 2327 μὲν
1077 2256 1178 2312 οὖν
1227 2261 1444 2313 ἱκετεύω
1493 2260 1718 2330 ἐπίσχες.
1788 2261 1891 2328 ἐγὼ

212 2347 313 2413 γὰρ
356 2344 444 2397 καὶ
484 2349 752 2413 πρότερον
793 2349 1238 2415 προεκαλεσάμην
1282 2351 1623 2417 Φαίνιππον,
1661 2347 1750 2401 καὶ
1788 2356 1892 2401 νῦν

212 2430 252 2484 ὦ
295 2435 492 2502 ἄνδρες
533 2433 781 2487 δικασταὶ
831 2433 1023 2502 δίδωμ’
1078 2436 1222 2506 αὐτῷ
1266 2436 1500 2503 δωρειὰν
1539 2435 1627 2488 καὶ
1667 2435 1891 2504 ἀφίστα-

211 2543 305 2589 μαι
358 2523 488 2590 μετὰ
540 2531 633 2590 τῆς
683 2524 850 2591 ἄλλης
902 2524 1091 2585 οὐσίας
1141 2522 1229 2575 καὶ
1280 2533 1388 2575 τῶν
1429 2523 1488 2575 ἐν
1535 2533 1646 2585 τοῖς
1695 2526 1891 2591 ἔργοις,

212 2609 306 2662 ε’άν
339 2630 432 2678 μοι
465 2611 563 2677 τὴν
598 2610 852 2680 ἐσχατιὰν
885 2614 1060 2679 μόνην
1096 2611 1394 2679 ἐλευθέραν
1425 2613 1671 2683 παραδῷ,
1712 2613 1890 2678 ὥσπερ

211 2694 279 2764 ἦν
320 2695 395 2750 ὅτ’
445 2697 548 2765 ἐγὼ
589 2701 648 2751 τὸ
689 2709 906 2768 πρῶτον
954 2696 1134 2767 ἦλθον
1180 2702 1256 2761 εἰς
1302 2700 1474 2767 αὐτὴν
1521 2701 1650 2767 μετὰ
1691 2701 1891 2770 μαρτύ-

211 2805 344 2852 ρων,
384 2784 473 2838 καὶ
514 2786 628 2853 ἐὰν,
669 2786 733 2838 ὃν
775 2786 960 2855 ἐξῆχεν
1009 2787 1066 2838 ἐκ
1113 2796 1222 2838 τῶν
1262 2787 1570 2855 οἰκημάτων
1610 2798 1763 2841 σῖτον
1801 2786 1892 2840 καὶ

209 2870 368 2926 οἶνον
407 2874 496 2925 καὶ
537 2876 723 2942 τᾶλλα,
764 2875 982 2943 ἀφελὼν
1031 2874 1134 2928 ἀπὸ
1183 2885 1292 2927 τῶν
1339 2881 1534 2942 θυρῶν
1574 2876 1638 2928 τὰ
1678 2885 1891 2944 σημεῖα,

208 2970 376 3014 ταῦτα
424 2963 588 3013 πάλιν
637 2964 712 3024 εἰς
759 2963 921 3015 ταύτὸ
969 2966 1289 3032 καταστήσῃ.
1359 2961 1448 3015 καὶ
1494 2965 1550 3016 τί
1593 2961 1766 3031 λέγεις
1814 2966 1889 3017 ἔτι

1918 753 2027 792 1014
