2035 3158
172 163 255 216 -50
667 166 821 207 xmv.
869 149 1371 221 [ΔωιοΣΘΕΝοΤΣ]

181 296 348 368 αὐτῷ,
388 295 476 350 καὶ
517 294 654 366 ὑπὲρ
692 296 901 349 τούτων
951 296 1126 364 ψευδῆ
1173 297 1568 365 διαμαρτυρίαν
1608 297 1742 365 πρὸς
1778 300 1852 364 τῷ

139 384 404 453 *ἄρχοντι
460 384 839 453 ποιησάμενος.
918 382 1045 451 ἡμῖν
1100 379 1200 451 μὲν
1258 383 1361 452 γὰρ
1420 382 1718 452 ἀναγκαῖον
1767 371 2009 451 {1510ss

181 480 279 527 τοῦ
320 473 625 540 νόμουτάς
663 469 968 540 ἀγχιστειας
1013 479 1127 533 τοῖς
1174 470 1446 539 ἐγγυτάτω
1495 468 1703 538 γένους
1727 469 1856 522 ἀπο·
1999 458 2009 469 ”

183 560 454 627 διδόντος,
492 555 653 613 οὖσιν
693 559 914 620 οἰκείοις
941 555 1230 628 Ἀρχιάδου
1262 566 1360 612 τοῦ
1401 557 1454 622 ἐξ
1494 555 1660 627 ἀρχῆς
1698 576 1856 610 κατα-

181 649 435 708 λιπόντος
484 649 577 700 τὸν
629 649 861 714 κλῆρον,
912 647 1040 714 μήτε
1093 647 1188 699 τὸν
1239 642 1393 699 οἶκον
1446 642 1856 714 ἐξερημωθέντα

180 735 276 787 τὸν
316 733 529 787 ἐκείνου
567 734 856 803 περιιδεῖν,
895 735 1027 801 μήτε
1060 741 1153 801 τῆς
1185 733 1374 796 οὐσίας
1411 731 1626 800 ἑτέρους
1663 736 1857 801 κληρο-

183 823 555 890 νομήσαντας,
601 814 683 884 οἷς
730 819 850 873 οὐδ’
891 820 1078 875 ὁτιοῦν
1125 823 1407 888 προσήκει*
1448 815 1607 883 οὗτος
1646 817 1695 872 δ’
1734 819 1858 873 οὔτε

184 906 328 975 γένει
377 918 478 963 τοῦ
526 910 964 977 τετελευτηκότος
1023 909 1139 970 υίὸς
1196 909 1305 976 ὥν,
1355 905 1467 965 οὔτ’
1500 905 1863 975 εἰσποιηθεὶς

182 997 314 1048 κατὰ
365 999 493 1060 τοὺς
541 999 773 1065 νόμους,
831 997 904 1057 ὡς
953 994 1059 1064 ἐγὼ
1112 996 1302 1064 δείξω,
1359 995 1862 1064 διαμεμαρτύρηκεν

183 1085 326 1137 οὕτω
379 1086 444 1138 τὰ
498 1085 673 1152 ψευδῆ
727 1093 1032 1152 προπετῶς,
1095 1083 1502 1152 ἀφαιρούμενος
1554 1082 1708 1151 ἡμῶν
1759 1084 1861 1149 τὴν

183 1175 569 1241 κληρονομίαν.
634 1170 824 1239 δέομαι
860 1166 911 1224 δ’
947 1171 1103 1239 ὑμῶν
1136 1167 1178 1224 ὦ
1211 1172 1409 1239 ἄνδρες
1448 1167 1693 1222 δικασταὶ
1733 1171 1860 1238 βοη-

183 1266 352 1328 θῆσαι
392 1268 465 1331 τςό
505 1279 561 1313 τε
609 1258 770 1326 πατρὶ
812 1257 1009 1331 τουτῳὶ
1049 1257 1138 1311 καὶ
1178 1257 1324 1327 ἐμοὶ,
1371 1257 1467 1311 ἐὰν
1515 1255 1756 1326 λέγωμεν
1796 1258 1860 1309 τὰ

185 1351 386 1413 δίκαια,
425 1345 513 1400 καὶ
550 1348 622 1416 μὴ
654 1348 921 1415 περιιδεῖν
953 1344 1184 1415 πένητας
1215 1344 1547 1414 ἀνθρώπους
1577 1342 1667 1397 καὶ
1700 1342 1864 1397 ἀσθε-

186 1444 299 1498 νεῖς
329 1433 896 1496 καταστασιασθέντας
925 1433 1030 1487 ὑπὸ
1064 1433 1412 1503 παρατάξεως
1443 1432 1652 1486 ἀδίκου.
1713 1420 1867 1500 ἡμεῖς

186 1520 287 1591 μὲν
326 1523 444 1595 γὰρ
499 1532 613 1585 ταῖς
675 1521 958 1591 ἀληθείαις
1017 1523 1362 1583 πιστεύοντες
1415 1520 1866 1589 εἰσεληλύθαμεν,

186 1609 274 1664 καὶ
315 1610 648 1680 ἀγαπῶντες,
687 1612 756 1662 ἰέν
793 1630 874 1673 τις
913 1609 1051 1678 ἡμᾶς
1084 1609 1145 1680 ἐᾷ
1177 1618 1286 1662 τῶν
1328 1611 1513 1677 νόμων
1551 1607 1863 1677 τυγχάνειν·

185 1695 336 1752 οὗτοι
379 1696 439 1752 δὲ
479 1707 541 1768 τῇ
582 1705 894 1767 παρασκευῇ
927 1696 1015 1750 καὶ
1049 1706 1162 1759 τοῖς
1200 1688 1556 1765 ἀναλώμασιν
1597 1697 1864 1766 ἰσχυριζό·

185 1804 339 1853 μενοι
374 1784 828 1853 διατετελέκασιν,
859 1786 1081 1846 εἰκότως
1115 1780 1286 1853 οἶμαι·
1333 1783 1389 1836 ἐκ
1431 1784 1532 1852 γὰρ
1565 1792 1674 1836 τῶν
1707 1781 1865 1836 ἀλλο-

186 1876 352 1942 τρίων
385 1873 588 1943 ῥαδίως
611 1873 1025 1939 ἀναλίσκουσιν,
1050 1873 1185 1924 ὥστε
1217 1869 1306 1924 καὶ
1340 1873 1466 1932 τοὺς
1497 1878 1867 1937 συνεροῦντας
1894 1927 1898 1930 ,

189 1959 324 2030 ὑπὲρ
371 1961 554 2015 αὐτῶν
599 1959 688 2014 καὶ
735 1964 862 2023 τοὺς
909 1962 1355 2030 μαρτυρήσοντας
1400 1960 1463 2012 τὰ
1513 1959 1688 2027 ψευδῆ
1736 1963 1864 2011 πολ-

191 2051 320 2111 λοὺς
365 2053 711 2119 πεπορίσθαι.
784 2048 813 2103 ὁ
862 2044 922 2102 δὲ
968 2050 1142 2117 πατὴρ
1190 2043 1350 2109 οὗτος,
1398 2046 1689 2117 (εἰρήσεται
1740 2046 1840 2114 γάρ
1848 2058 1868 2115 j

190 2139 298 2205 ἅμα
337 2145 430 2206 τῆς
469 2141 675 2204 πενίας,
715 2133 777 2205 ἧς
814 2137 970 2205 ὑμεῖς
1009 2138 1242 2198 ἅπαντες
1281 2140 1413 2203 ἴστε,
1452 2135 1540 2188 καὶ
1579 2141 1679 2188 τοῦ
1720 2135 1867 2187 ἰδιώ-

189 2245 281 2294 της
334 2222 472 2278 εἷναι
527 2226 767 2294 φανερὰς
829 2227 968 2294 ἔχων
1023 2225 1115 2286 τὰς
1176 2226 1474 2292 μαρτυρίας
1528 2221 1868 2291 ἀγωνίζεται·

191 2315 429 2366 διατελεῖ
474 2314 577 2381 γὰρ
631 2312 691 2366 ἐν
737 2316 993 2380 Πειραιεῖ
1044 2312 1346 2380 κηρύττων·
1401 2318 1561 2364 τοῦτο
1613 2307 1664 2364 δ’
1723 2309 1871 2364 ἐστὶν

191 2400 258 2454 οὐ
302 2404 476 2469 μόνον
522 2401 750 2468 ἀπορίας
804 2399 1159 2469 ἀνθρωπίνης
1216 2401 1534 2467 τεκμήριον,
1589 2397 1744 2451 ἀλλά
1780 2396 1869 2451 καὶ

191 2487 447 2557 ἀσχολίας
480 2495 572 2556 τῆς
603 2490 680 2551 εἰς
718 2489 777 2541 τὸ
817 2487 1316 2556 πραγματεύεσθαι·
1362 2485 1567 2554 ἀνάγκη
1608 2485 1712 2556 γὰρ
1747 2484 1870 2554 ἡμε·

192 2578 374 2643 ρεύειν
415 2574 474 2628 ἐν
514 2583 576 2645 τῇ
617 2574 791 2645 ἀγορᾷ
831 2576 928 2628 τὸν
968 2582 1235 2628 τοιοῦτον.
1297 2573 1330 2628 ἃ
1370 2575 1458 2626 δεῖ
1493 2570 1872 2641 λογιζομένους

194 2665 584 2731 ἐνθυμεῖσθαι,
631 2663 739 2729 ὅτι,
785 2665 836 2716 εἰ
879 2664 952 2732 μὴ
999 2671 1072 2734 τῷ
1114 2663 1305 2735 δικαίῳ
1354 2661 1735 2731 ἐπιστεύομεν,
1772 2660 1872 2716 οὐκ

192 2752 261 2803 ἄν
299 2749 416 2803 ποτ’
463 2753 797 2820 εἰσήλθομεν
837 2752 913 2813 εἰς
952 2750 1106 2819 ὑμᾶς.

305 2837 445 2905 Περὶ
501 2859 600 2907 μεν
657 2835 758 2892 οὖν
813 2847 922 2891 τῶν
975 2838 1237 2892 τοιούτων
1293 2836 1380 2890 καὶ
1433 2840 1723 2905 προϊόντος
1773 2846 1872 2891 τοῦ
1894 2854 2005 2894 ma?

197 2928 363 2993 λόγου
403 2925 737 2994 σαφέστερον
770 2925 1097 2979 ἀκούσεσθε·
1145 2922 1280 2994 ὑπερ
1321 2923 1485 2993 αὐτῆς
1524 2922 1585 2978 δε
1623 2931 1716 2994 τῆς
1743 2927 1868 2982 δια·
2015 2919 2020 2923 ”
