2035 3158
190 161 298 215 208
716 163 818 205 LIV
821 195 830 203 .
876 161 1344 204 ΔΗΜΟΣΘΕΝΟΤΣ

867 320 1200 364 ΜΔΡΤΤΡΕΣ.

123 441 169 472 26
311 426 455 478 Κατὰ
494 426 668 478 πολλὰ
707 420 802 492 μὲν
855 421 958 476 οὖν
1007 425 1191 490 ἔμοιγε
1240 423 1501 475 δοκοῦσιν
1539 418 1680 476 εἶναι
1717 420 1871 476 ἀναί·
1914 461 1923 465 -

193 529 416 582 σχυντοι
455 512 925 581 ἀμφισβητοῦντες
957 520 1068 563 τῶν
1106 508 1402 578 ὑμετέρων,
1441 510 1543 562 οὐκ
1578 511 1771 579 ἥκιστα
1810 505 1903 563 δὲ-
1979 506 2024 531 “⁵

192 599 323 667 ὑμῖν
373 599 573 662 αὐτοὺς
624 598 875 661 ἐπιδείξω
915 597 975 651 ἐκ
1023 607 1135 650 τῶν
1183 600 1369 666 νόμων
1419 607 1528 650 τῶν
1577 594 1871 668 ὑμετέρων.

192 682 346 739 οὗτοι
386 687 515 755 γὰρ,
564 688 650 740 ὅτε
691 686 749 739 οἱ
785 682 1034 738 δικασταὶ
1085 684 1380 753 ἐβούλοντο
1426 684 1675 749 θανάτου
1719 691 1873 753 τιμῆ·

192 788 282 826 σαι
323 782 396 845 τῷ
432 772 796 846 Ἀρεθουσίῳ,
845 771 1063 826 ἐδέοντο
1108 781 1218 824 τῶν
1267 773 1537 824 δικαστῶν
1583 771 1873 841 χρημάτων

195 869 413 928 τιμῆσαι
451 860 540 914 καὶ
582 861 715 929 ἐμοῦ
755 868 1133 929 συγχωρῆσαι,
1179 858 1268 911 καὶ
1316 847 1677 928 ὡμολόγησαν
1717 857 1873 912 αὐτοὶ

129 965 170 997 εἴ
196 952 578 1002 συνεκτείσειν.
651 949 917 1001 τοσούτου
977 949 1045 1015 δὴ
1106 945 1328 999 δέουσιν
1387 946 1617 999 ἐκτίνειν
1666 944 1793 999 καθ’
1840 946 1874 998 ἃ

195 1037 569 1104 ἠγγυήσαντο,
615 1036 750 1088 ὥστε
798 1033 886 1089 καὶ
934 1044 1043 1087 τῶν
1097 1033 1373 1102 ὑμετέρων
1420 1033 1873 1103 ἀμφισβητοῦσιν.

197 1128 372 1196 καίτοι
411 1125 468 1177 οἳ
503 1143 562 1191 γε
601 1108 774 1190 νόμοι
811 1123 1096 1175 κελεύουσι
1142 1123 1242 1189 τὴν
1290 1121 1484 1174 οὐσίαν
1530 1118 1670 1174 εἶναι
1709 1123 1875 1190 δημο-
1894 1139 2015 1183 12

197 1216 342 1278 σιάν,
381 1210 441 1274 ὃς
479 1210 547 1263 ἂν
581 1210 986 1278 ἐγγυησάμενός
1024 1229 1075 1261 τι
1109 1218 1218 1261 τῶν
1257 1216 1352 1275 τῆς
1389 1210 1596 1269 πόλεως
1633 1208 1705 1276 μὴ
1745 1207 1876 1262 ἀπο-

197 1300 334 1370 διδῷ
374 1300 474 1367 τὴν
516 1299 737 1367 ἐγγύην·
781 1299 915 1350 ὥστε
955 1295 1045 1349 καὶ
1086 1298 1136 1349 εί
1165 1296 1375 1348 τούτων
1406 1292 1477 1364 ἧν
1507 1295 1878 1365 τάνδράποδα,

197 1394 470 1455 προσῆκεν
520 1386 657 1438 αὐτὰ
709 1387 942 1453 δημόσια
1003 1381 1173 1452 εἶναι,
1231 1389 1380 1452 εἴπερ
1431 1403 1483 1436 τι
1531 1392 1641 1436 τῶν
1689 1385 1877 1452 νόμων

134 1491 176 1522 zs
200 1476 411 1543 ὄφελος.
480 1472 569 1526 καὶ
616 1471 746 1542 πρὶν
794 1469 893 1541 μὲν
943 1472 1188 1539 ὀφείλειν
1233 1479 1307 1542 τῷ
1357 1472 1628 1543 δημοσίῳ,
1667 1471 1696 1526 ὁ
1730 1469 1876 1542 Ἀρε-

198 1564 429 1623 θούσιος
468 1561 800 1629 ὡμολογεῖτο
849 1570 958 1612 τῶν
1007 1559 1262 1627 ἀδελφῶν
1301 1558 1675 1625 εὐπορώτατος
1712 1556 1876 1612 εἶναι·

200 1651 384 1718 ἐπειδὴ
426 1647 475 1701 δ’
523 1650 580 1702 oc
613 1652 775 1717 νόμοι
821 1648 1107 1701 κελεύουσι
1152 1645 1404 1698 τάκείνου
1450 1645 1681 1715 ὑμέτερα
1718 1643 1878 1715 εἶναι,

200 1745 493 1807 τηνικαῦτα
530 1735 696 1805 πένης
736 1737 813 1788 ὢν
852 1738 1104 1804 φαίνεται
1145 1734 1173 1787 ὁ
1208 1731 1588 1802 Ἀρεθούσιος,
1633 1733 1724 1787 καὶ
1768 1745 1878 1788 τῶν

201 1824 301 1895 μὲν
341 1826 371 1894 ἡ
412 1827 585 1894 μήτηρ
627 1824 974 1892 ἀμφισβητεῖ,
1014 1831 1125 1874 τῶν
1166 1819 1215 1874 δ’
1256 1822 1314 1874 οἱ
1342 1820 1584 1889 ἀδελφοί.
1647 1830 1783 1891 χρῆν
1822 1821 1872 1875 δ’

200 1915 425 1981 αὐτούς,
473 1918 621 1979 εἴπερ
672 1912 968 1980 ἐβούλοντο
1021 1911 1244 1970 δικαίως
1289 1908 1717 1977 προσφέρεσθαι,
1745 1912 1881 1978 πρὸς

203 2004 366 2071 ὑμᾶς,
412 2000 802 2062 ἀποδείξαντας
850 2000 1065 2051 ἅπασαν
1112 1997 1212 2065 τὴν
1260 1996 1455 2048 οὐσίαν
1501 1997 1601 2064 τὴν
1649 1997 1880 2064 ἐκείνου,

135 2106 177 2136 52³
204 2092 266 2143 τὰ
304 2090 513 2143 τούτων
555 2087 734 2139 αὐτῶν
774 2091 829 2139 εἴ
861 2106 940 2147 τις
972 2083 1304 2152 ἀπέγραφεν,
1343 2083 1722 2153 ἀμφισβητεῖν.
1784 2085 1881 2138 ἐὰν

204 2174 305 2232 οὖν
346 2177 723 2244 ἐνθυμηθῆτε,
772 2175 852 2227 ὅτι
901 2170 1149 2226 οὐδέποτ’
1199 2174 1347 2224 ἔσται
1395 2170 1595 2239 ἀπορία
1633 2182 1743 2226 τῶν
1783 2173 1880 2242 ἀμ-
2002 2174 2023 2261 ξ

202 2267 653 2334 φισβητησόντων
704 2263 836 2330 ὑμῖν
886 2259 1010 2330 περὶ
1061 2269 1170 2313 τῶν
1219 2258 1526 2327 ὑμετέρων,
1579 2291 1638 2298 -—
1692 2260 1726 2329 ἢ
1776 2262 1879 2329 γὰρ
2005 2277 2022 2387 3

203 2355 482 2423 ὀρφανοὺς
536 2351 568 2419 ἢ
624 2350 947 2418 ἐπικλήρους
999 2348 1496 2410 κατασκευάσαντες
1552 2347 1880 2411 ἀξιώσουσιν
2008 2391 2021 2441 3

204 2443 479 2494 ἐλεεῖσθαι
518 2437 612 2508 ὑφ’
659 2439 834 2507 ὑμῶν,
874 2436 906 2505 ἢ
949 2444 1117 2505 γῆρας
1157 2435 1246 2488 καὶ
1287 2435 1515 2503 ἀπορίας
1551 2435 1640 2488 καὶ
1678 2437 1882 2504 τροφὰς
2001 2443 2020 2491 ἶ

204 2527 365 2598 μητρὶ
412 2527 685 2595 λέγοντες,
732 2524 820 2578 καὶ
868 2524 1196 2594 ὀδυρόμενοι
1247 2522 1318 2576 δι’
1366 2519 1442 2576 ὧν
1482 2522 1692 2591 μάλιστ’
1738 2523 1878 2576 ἐλπί-
2003 2517 2020 2607 ξ

208 2620 392 2679 ζσυσιν
425 2614 776 2682 ἐξαπατήσειν
808 2613 966 2680 ὑμᾶς,
1008 2611 1358 2679 πειράσονται
1391 2610 1751 2679 ἀποστερῆσαι
1782 2613 1883 2679 τὴν
2010 2599 2011 2602 ¹

204 2706 367 2757 πόλιν
412 2711 510 2756 τοῦ
560 2702 891 2770 ὀφλήματος·
948 2730 1006 2736 -
1062 2698 1157 2751 ἐὰν
1205 2694 1306 2751 οὖν
1351 2695 1519 2750 ταῦτα
1563 2698 1883 2767 παριδόντες
2001 2605 2019 2838 ³

207 2792 382 2844 πάντα
420 2792 898 2858 καταψηφίσησθε,
939 2785 1120 2855 ὀρθῶς
1158 2786 1544 2855 βουλεύσεσθε.
2004 2859 2017 2887 ³

1994 2922 2016 3158 Ξ
