2035 3158
76 386 118 417 21

81 911 123 942 22

81 1699 123 1730 23

85 2403 127 2433 2⁴

146 150 254 201 216
667 153 781 194 Lrv.
833 151 1296 193 ΔΗΜΟΣΘΕΝΟΥΣ

148 293 248 344 ψαι
287 284 421 352 πρὸς
458 282 596 352 ἡμᾶς
636 281 1001 353 ἐρησομένους
1046 283 1076 336 ὅ
1114 303 1166 336 τι
1215 280 1343 336 ἐστὶ’
1365 284 1426 336 τὸ
1467 284 1825 351 συμβεβηκός.

148 369 287 431 ὅλως
326 366 375 422 δ’
416 365 457 421 ὦ
497 370 695 438 ἄνδρες
734 368 982 422 δικασταὶ
1024 370 1237 422 δίκαιον
1278 366 1378 438 μὲν
1417 368 1606 423 οὐδενὶ
1646 371 1825 438 δήπου

147 463 349 523 σκῆψιν
388 457 650 524 οὐδεμίαν
688 457 947 525 τοιαύτην
986 453 1106 510 οὐδ’
1152 457 1342 509 ἄδειαν
1389 455 1653 527 ὑπάρχειν
1690 449 1817 527 παρ’

149 543 299 611 ὑμῖν,
339 541 412 596 δι’
457 543 527 612 ἢν
565 544 808 613 ὑβρίζειν
848 542 1075 608 ἐξέσται·
1116 546 1167 597 εἰ
1205 542 1254 597 δ’
1294 541 1378 613 ἄρ’
1427 542 1546 597 ἐστι’
1578 564 1671 617 τῳ,
1710 554 1824 607 τοῖς
1874 541 1878 545 ’

148 628 219 683 δι’
264 630 482 694 ἡλικίαν
529 632 739 684 τούτων
776 650 828 684 τι
866 632 1190 701 πράττουσι,
1236 632 1450 694 τούτοις
1498 631 1824 686 ἀποκεῖσθαι

145 720 406 787 προσήκει
451 718 546 779 τὰς
590 719 840 780 τοιαύτας
893 718 1232 786 καταφυγάς,
1285 717 1557 781 κάκείνοις
1602 720 1704 773 οὐκ
1748 721 1827 783 εἰς

146 807 206 857 τὸ
262 806 333 873 μὴ
390 806 587 858 δοῦναι
641 807 827 874 δίκην,
882 803 999 858 ἀλλ>
1057 807 1135 867 εἰς
1185 807 1247 859 τὸ
1300 814 1391 875 τῆς
1444 807 1826 875 προσηκούσης

149 892 365 945 ἐλάττω.
439 892 587 956 ὅστις
635 891 684 945 δ’
732 892 867 945 ἐτῶν
918 890 1018 961 μέν
1069 892 1181 946 ἐστι
1230 894 1501 946 πλειόνων
1551 892 1583 963 ἢ
1632 896 1826 963 πεντή-

145 999 341 1047 κοντα,
398 981 589 1053 παρὼν
647 977 708 1032 δὲ
765 978 1049 1049 νεωτέροις
1107 979 1424 1050 ἀνθρώποις
1472 979 1561 1034 καὶ
1611 983 1826 1045 τούτοις

144 1065 341 1136 υἱέσιν,
382 1067 479 1137 οὐχ
520 1068 664 1130 ὅπως
702 1066 1002 1138 ἀπέτρεψεν
1042 1067 1074 1137 ἢ
1115 1069 1466 1137 διεκώλυσεν,
1505 1066 1624 1122 ἀλλ’
1662 1069 1826 1133 αὐτὸς

146 1155 364 1223 ’ἡγεμὼν
407 1154 496 1207 καὶ
545 1165 756 1224 πρῶτος
806 1153 894 1208 καὶ
949 1155 1169 1209 πάντων
1220 1157 1629 1225 βδελυρώτατος
1676 1157 1826 1226 γεγέ-

145 1262 323 1311 νηται,
363 1240 467 1295 τίν’
506 1242 574 1295 ἂν
615 1239 772 1306 οὗτος
812 1243 968 1308 ἀξίαν
1008 1253 1116 1297 τῶν
1155 1244 1556 1314 πεπραγμένων
1594 1244 1827 1316 ὑπόσχοι

148 1331 331 1399 δίκην;
375 1330 479 1399 ἐγὼ
520 1327 620 1399 μὲν
661 1332 763 1400 γὰρ
805 1330 927 1385 οὐδ’
967 1331 1302 1385 ἀποθανόντ’
1342 1338 1538 1401 οἴομαι.
1601 1332 1690 1386 καὶ
1721 1335 1825 1404 γὰρ

147 1419 198 1470 εἰ
244 1415 417 1486 μηδὲν
468 1419 631 1481 αὐτὸς
682 1425 934 1488 εἴργαστο
984 1429 1092 1473 τῶν
1142 1420 1558 1490 πεπραγμένων,
1608 1417 1731 1474 ἀλλ’
1775 1423 1828 1475 εἰ

146 1508 543 1575 παρεστηκότος
587 1507 784 1560 τούτου
832 1510 1071 1576 Κτησίας
1118 1507 1147 1561 ὁ
1186 1509 1305 1571 υίὸς
1344 1508 1372 1562 ὁ
1413 1510 1610 1561 τούτου
1656 1505 1817 1562 ταῦθ’
1843 1523 1956 1564 1264

148 1595 283 1663 ἅπερ
337 1591 466 1647 νυνὶ
519 1595 824 1663 πεποιηκὼς
880 1595 1156 1664 ἐφαίνετο,
1218 1604 1413 1649 τοῦτον
1476 1593 1696 1664 ἐμισεῖτ’
1755 1595 1824 1649 ἂν

150 1683 383 1744 δικαίως.
457 1683 508 1734 εἰ
555 1682 658 1751 γὰρ
711 1683 852 1736 οὕτω
903 1686 1029 1746 τοὺς
1080 1684 1249 1737 αὑτοῦ
1298 1681 1560 1753 προῆκται
1610 1686 1826 1752 παῖδας,

147 1767 273 1822 ὥστ’
321 1769 572 1822 ἐναντίον
613 1769 1082 1839 ἐξαμαρτάνοντας
1129 1769 1352 1839 ἑαυτοῦ,
1399 1770 1488 1824 καὶ
1535 1769 1685 1824 ταῦτ’
1732 1770 1817 1841 ἐφ’
1875 1842 1879 1843 ⁷

148 1851 225 1909 ὧν
276 1856 443 1920 ἐνίοις
492 1858 733 1920 θάνατος
781 1859 814 1927 ἡ
870 1862 1025 1927 ζημία
1083 1869 1282 1928 κεῖται,
1340 1863 1468 1928 μήτε
1529 1863 1826 1929 φοβεῖσθαι

148 1943 269 2014 μήτ’
315 1946 702 2016 αἰσχύνεσθαι,
757 1949 814 1999 τί
854 1955 1051 2000 τοῦτον
1099 1947 1198 2000 οὐκ
1244 1946 1311 1999 ἂν
1359 1950 1578 2010 εἰκότως
1622 1952 1825 2001 παθεῖν

149 2038 365 2097 οἴεσθε;
430 2032 534 2101 ἐγὼ
598 2030 698 2101 μὲν
759 2034 862 2103 γὰρ
918 2035 1153 2102 ἡγοῦμαι
1215 2032 1364 2087 ταῦτ’
1424 2031 1567 2087 εἶναι
1631 2045 1825 2104 σημεῖα

150 2130 248 2175 τοῦ
296 2118 433 2190 μηδὲ
479 2130 676 2174 τοῦτον
723 2123 819 2175 τὸν
868 2121 1065 2175 ἑαυτοῦ
1111 2120 1294 2191 πατέρ’
1348 2124 1730 2193 αἰσχύνεσθαι·
1777 2127 1829 2178 εἰ

148 2209 252 2277 γὰρ
301 2208 513 2262 ἐκεῖνον
563 2209 724 2272 αὐτὸς
779 2209 931 2278 ἐτίμα
978 2209 1246 2278 κάδεδιέι,
1300 2209 1402 2263 κᾶν
1456 2212 1685 2274 τούτους
1730 2212 1826 2265 αὑ·-

149 2298 246 2350 τὸν
285 2296 456 2364 ἠξίου.

262 2382 414 2453 Λαβὲ
456 2386 523 2452 δή
563 2405 655 2454 μοι
694 2383 784 2438 καὶ
824 2388 950 2448 τοὺς
988 2389 1218 2454 νόμους,
1257 2388 1353 2439 τόν
1392 2406 1448 2438 τε
1486 2395 1578 2455 τῆς
1617 2388 1828 2458 ὕβρεως

149 2471 238 2525 καὶ
276 2474 374 2525 τὸν
413 2470 537 2541 περὶ
577 2482 686 2526 τῶν
726 2475 1081 2526 λωποδυτῶν·
1130 2471 1219 2526 καὶ
1259 2474 1361 2543 γὰρ
1402 2475 1614 2538 τούτοις
1651 2474 1827 2546 ἀμφο-

148 2559 324 2631 τέροις
364 2559 589 2630 ἐνόχους
626 2562 852 2624 τούτους
892 2564 1111 2626 ὄψεσθε.
1174 2560 1311 2630 λέγε.

1155 2358 1174 2366 s

878 2722 1087 2764 NOMOI.

269 2825 495 2887 Τούτοις
532 2834 645 2887 τοῖς
683 2828 873 2894 νόμοις
914 2824 1238 2894 ἀμφοτέροις
1278 2826 1335 2879 ἐκ
1374 2836 1482 2879 τῶν
1520 2826 1826 2898 πεπραγμέ-

148 2908 262 2965 νων
303 2914 491 2982 ἔνοχος
535 2914 730 2966 Κόνων
771 2911 919 2966 ἐστὶν
959 2913 1166 2966 οὑτοσί·
1208 2911 1296 2965 καὶ
1336 2915 1438 2982 γὰρ
1476 2914 1694 2983 ὕβριζεν
1733 2914 1823 2969 καὶ

1993 1724 2032 2115 .2.22†1½3;2Qa³;}>2{x.m=1»½3
1997 1689 2025 1715 ἓν
2003 1677 2010 1682 ”
2004 1666 2006 1669 ’
1992 1615 2023 1631 ’ἶ
2022 1601 2027 1604 .
2002 1572 2018 1578 ²
