2035 3158
700 141 855 180 ΚΑΤΑ
886 137 1192 181 ΚοΝΩΝοΣ.
1685 135 1793 187 209

877 312 1016 368 LIV.

381 448 619 510 ΚΑΤΑ
663 446 1090 508 ΚΟΝΩΝΟΣ
1136 445 1434 506 ΑΙΚΕΙΑ
1444 443 1517 507 Σ.

781 603 1118 647 ΤΠΟΘΕΣΙΣ.

221 707 451 778 Ἀρίστων
503 705 771 774 Ἀθηναῖος
828 711 1066 771 δικάζεται
1115 710 1314 761 Κόνωνι
1373 709 1585 775 αἰκείας,
1641 707 1796 776 λέγων

112 789 200 844 ὑπ’
235 794 386 844 αὐτοῦ
417 791 499 841 καὶ
530 799 616 841 τοῦ
648 791 822 851 παιδὸς
862 791 1013 841 αὐτοῦ
1047 796 1391 856 τετυπτῆσθαι,
1430 789 1511 840 καὶ
1550 790 1794 856 μάρτυρας

112 876 286 925 τούτου
330 873 670 939 παρεχόμενος.
741 870 766 922 ὅ
806 870 857 921 δὲ
897 871 1075 922 Κόνων
1115 871 1326 939 ἀρνεῖται
1373 871 1424 921 τὸ
1471 880 1669 938 πρᾶγμα
1713 869 1796 920 καὶ

113 956 357 1022 μάρτυρας
406 951 792 1019 ἀντιπαρέχεται,
844 952 931 1013 οὓς
983 951 1007 1003 ὁ
1060 951 1389 1018 Δημοσθένης
1440 950 1500 1002 οὔ
1546 965 1668 1016 φησι
1713 960 1929 1000 nxz-1256

113 1036 278 1096 στούς·
316 1033 602 1100 βεβιωκέναι
644 1033 736 1100 γὰρ
784 1034 985 1097 φαύλως
1031 1032 1111 1083 καὶ
1158 1034 1362 1099 εὐχερῶς
1407 1032 1530 1099 ἔχειν
1574 1033 1698 1099 πρὸς
1741 1033 1794 1083 τὸ

111 1117 404 1180 ψεύδεσθαι.

216 1329 530 1402 (Τβρισθεὶς
568 1327 609 1383 ὦ
650 1332 847 1401 ἄνδρες
888 1329 1135 1384 δικασταὶ
1175 1330 1263 1383 καὶ
1303 1332 1500 1384 παθὼν
1539 1329 1645 1384 ὑπὸ
1686 1333 1797 1384 Ko'·

114 1441 291 1483 -νωνος
321 1417 541 1473 τουτουὶ
573 1428 814 1488 τοιαῦτα,
854 1419 989 1471 ὥστε
1022 1422 1200 1472 πολὺν
1240 1423 1442 1489 χρόνον
1482 1420 1626 1472 πάνυ
1665 1421 1795 1488 μήτε

113 1511 241 1570 τοὺς
293 1510 529 1570 οἰκείους
581 1510 711 1576 μήτε
773 1515 882 1559 τῶν
946 1509 1147 1576 ἰατρῶν
1210 1506 1418 1576 μηδένα
1480 1509 1796 1576 προσδοκᾶν

100 1593 542 1668 περιφεύξεσθαί
584 1615 679 1663 με,
725 1595 955 1663 ὑγιάνας
999 1594 1089 1648 καὶ
1138 1594 1338 1658 σωθεὶς
1377 1595 1798 1664 ἀπροσδοκήτως

115 1688 311 1755 ἔλαχον
351 1684 497 1756 αὐτῷ
539 1684 638 1752 τὴν
680 1685 840 1752 δίκην
887 1691 980 1751 τῆς
1027 1685 1232 1745 αἰκείας
1269 1688 1508 1752 ταυτηνί.
1577 1684 1797 1737 πάντων

116 1770 178 1826 δὲ
215 1782 325 1826 τῶν
365 1776 543 1841 φίλων
582 1770 671 1824 καὶ
717 1781 826 1824 τῶν
875 1774 1120 1840 οἰκείων,
1168 1765 1251 1834 οἷς
1298 1776 1800 1841 συνεβουλευόμην,

116 1863 310 1930 ἔνοχον
364 1857 465 1928 μὲν
518 1862 842 1929 φασκόντων
897 1860 1065 1913 αὐτὸν
1122 1859 1180 1913 ἐκ
1234 1870 1343 1913 τῶν
1401 1860 1800 1930 πεπραγμένων

115 1945 257 2001 εἶναι
303 1945 392 2002 καὶ
439 1956 501 2017 τῇ
550 1958 658 2000 τῶν
714 1949 1047 2001 λωποδυτῶν
1105 1947 1364 2019 ἀπαγωγῇ
1413 1947 1501 2002 καὶ
1547 1959 1664 2013 ταῖς
1709 1957 1801 2018 τῆς

114 2037 326 2106 ὕβρεως
369 2047 629 2106 γραφαῖς,
677 2040 1176 2105 συμβουλευόντων
1224 2036 1289 2090 δέ
1331 2058 1424 2107 μοι
1470 2036 1559 2091 καὶ
1607 2057 1800 2107 παραι-

115 2125 368 2178 νούντων
405 2127 478 2193 μὴ
518 2128 676 2194 μείζω
716 2121 983 2193 πράγματ’
1022 2125 1077 2193 32*
1100 2127 1406 2195 δυνήσομαι
1446 2125 1635 2195 φέρειν
1675 2127 1801 2180 ἐποὲ-

115 2217 334 2281 γεσθαι,
373 2211 500 2281 μηδ’
543 2210 681 2281 ὑπὲρ
731 2214 832 2281 τὴν
879 2212 1097 2280 ἡλικίαν
1145 2208 1222 2265 ὧν
1270 2214 1598 2268 ἐπεπόνθειν
1646 2214 1801 2284 ἐγκα-

117 2303 320 2353 λοῦντα
374 2303 700 2370 φαίνεσθαι,
767 2301 940 2363 οὕτως
1003 2300 1229 2370 ἐποίησα
1283 2300 1370 2354 καὶ
1427 2301 1498 2355 δι’
1560 2303 1802 2366 ἐκείνους

118 2387 267 2440 ἰδίαν
320 2389 514 2457 ἔλαχον
572 2389 756 2456 δίκην,
822 2385 996 2455 ἥδιστ’
1053 2388 1120 2441 ἂν
1176 2385 1217 2441 ὦ
1272 2388 1469 2459 ἄνδρες
1518 2388 1799 2459 Ἀθηναῖοι

117 2474 367 2529 θανάτου
405 2479 595 2545 κρίνας
632 2484 844 2529 τοῦτον.
906 2475 995 2528 καὶ
1035 2478 1231 2531 τούτου
1272 2480 1604 2547 συγγνώμην
1645 2477 1800 2546 ἕξετ’,

117 2558 180 2615 εὖ
234 2559 341 2616 οἶδ’
399 2563 507 2632 ὅτι,
568 2564 791 2631 πάντες,
856 2562 1076 2617 ἐπειδὰν
1131 2565 1164 2617 ἃ
1218 2564 1452 2618 πέπονθ’
1511 2565 1798 2635 ἀκούσητε·

118 2651 302 2719 δεινῆς
353 2652 457 2721 γὰρ
515 2652 682 2720 οὔσης
735 2659 827 2718 τῆς
889 2655 1006 2704 τότε
1066 2653 1350 2721 συμβάσης
1409 2653 1645 2722 ὕβρεως,
1700 2653 1799 2706 οὐκ

119 2737 355 2792 ἐλάττων
392 2739 425 2807 ἡ
466 2739 596 2808 μετὰ
643 2737 790 2792 ταῦτ’
838 2736 1068 2808 ἀσέλγει’
1115 2738 1227 2792 ἐστὶ
1275 2741 1487 2794 τούτου.
1558 2740 1687 2805 ἀξιῶ
1730 2743 1797 2810 δὴ

118 2825 208 2878 καὶ
248 2825 439 2895 δέομαι
477 2827 698 2879 πάντων
740 2827 939 2895 ὁμοίως
987 2827 1170 2896 ὑμῶν,
1216 2838 1434 2895 πρῶτον
1481 2826 1582 2898 μὲν
1621 2829 1799 2883 εὐνοϊ-

117 2920 224 2976 κῶς
261 2913 498 2968 ἀκοῦσαί
531 2935 639 2984 μου
678 2913 801 2985 περὶ
841 2910 1202 2969 ὧνπέπονθα
1236 2915 1508 2986 λέγοντος,
1547 2913 1669 2985 εἶτ’,
1701 2916 1798 2970 ἐὰν
1818 2934 1925 2973 1257

215 3008 421 3042 Dauos-m.
467 3009 549 3041 Vol.
576 3010 646 3042 m.
1478 3008 1531 3045 14
