2035 3158
186 140 296 203 224
723 139 816 182 LV.
862 137 1325 180 ΔΗΜΟΣΘΕΝΟΤΣ

186 271 313 325 νυνὶ
359 270 718 342 συμβέβηκεν.
788 270 1129 339 ἐπιθυμήσας
1176 271 1279 338 γὰρ
1337 279 1443 323 τῶν
1495 271 1711 339 χωρίων
1756 289 1864 337 μου

191 363 496 427 Καλλικλῆς
535 359 677 412 οὕτω
711 357 1005 426 διατέθηκέ
1031 377 1095 426 με
1129 366 1507 426 συκοφαντῶν,
1546 356 1681 409 ὥστε
1720 365 1865 423 πρῶ·-

190 468 284 500 τον
323 444 424 516 μὲν
461 448 558 500 τὸν
598 446 828 509 ἀνεψιὸν
876 448 972 499 τὸν
1020 444 1216 498 ἑαυτοῦ
1263 445 1654 497 κατεσκεύασεν
1701 443 1865 512 ἀμφι·

140 552 163 582 2
190 539 409 603 σβητεῖν
449 554 542 602 μοι
580 543 690 586 τῶν
729 538 976 604 χωρίων,
1016 531 1352 602 ἐξελεγχθεὶς
1390 528 1451 585 δὲ
1489 541 1739 602 φανερῶς
1776 529 1866 583 καὶ

188 620 616 690 περιγενομένου
656 641 763 690 μου
801 629 894 687 τῆς
933 621 1143 673 τούτων
1191 623 1514 689 σκευωριάς,
1558 618 1724 670 πάλιν
1764 619 1865 672 δ·ύο

192 711 344 771 δίκας
377 708 610 778 ἐρήμους
638 728 744 777 μου
770 709 1210 777 κατεδιῃτήσατο,
1241 708 1341 775 τὴν
1365 703 1465 775 μὲν
1490 705 1652 768 αὐτὸς
1675 708 1866 776 χιλίων

186 800 470 865 δραχμῶν,
508 798 608 865 τὴν
649 794 707 849 δὲ
749 798 844 849 τὸν
893 794 1134 864 ἀδελφὸν
1181 793 1400 847 τουτονὶ
1438 796 1627 856 πείσας
1667 796 1864 846 Καλλι-

191 886 410 952 κράτην.
484 883 674 952 δέομαι
728 885 794 952 δὴ
853 884 1073 935 πάντων
1132 882 1287 950 ὑμῶν
1345 881 1579 935 ἀκοῦσαί
1623 901 1730 950 μου
1778 878 1868 934 καὶ

187 971 477 1042 προσέχειν
515 974 613 1026 τὸν
648 981 806 1040 νοῦν,
847 971 946 1041 οὐχ
979 971 1050 1033 ὡς
1082 970 1244 1032 αὐτὸς
1275 971 1647 1038 δυνησόμενος
1678 970 1870 1036 εἰπεῖν,

192 1057 311 1113 ἀλλ’
357 1056 428 1112 ἵν’
476 1059 630 1129 ὑμεῖς
671 1059 722 1123 ἐξ
764 1059 945 1112 αὐτῶν
984 1068 1094 1111 τῶν
1132 1057 1466 1127 πραγμάτων
1505 1056 1870 1124 καταμάθητε,

193 1149 274 1200 ὅτι
313 1157 562 1216 φανερῶς
601 1155 1064 1217 συκοφαντοῦμαι.

140 1251 168 1283 23
291 1232 388 1288 “Ev
419 1231 520 1304 μὲν
553 1230 654 1288 οὖν
688 1231 728 1286 ὦ
762 1235 959 1304 ἄνδρες
985 1232 1270 1303 Ἀθηναῖοι
1300 1234 1436 1302 πρὸς
1467 1233 1706 1294 ἅπαντας
1744 1233 1872 1294 τοὺς

191 1324 402 1378 τούτων
464 1325 663 1390 λόγους
726 1321 1025 1392 παρέχομαι
1089 1323 1318 1375 δίκαιον.
1395 1322 1455 1374 τὸ
1510 1321 1612 1389 γὰρ
1669 1323 1869 1389 χωρίον

193 1419 352 1465 τοῦτο
393 1412 871 1483 περιῳκοδόμησεν
912 1410 940 1464 ὁ
981 1412 1154 1479 πατὴρ
1207 1417 1405 1478 μικροῦ
1453 1410 1572 1461 δεῖν
1610 1407 1740 1475 πρὶν
1780 1404 1871 1476 ἐμὲ

196 1498 479 1568 γενέσθαι,
543 1502 739 1563 ζῶντος
792 1496 892 1567 μὲν
948 1501 1023 1550 ἔτι
1077 1499 1457 1551 Καλλιππίδου
1514 1504 1610 1550 τοῦ
1663 1496 1872 1548 τούτων

195 1589 395 1657 πατρὸς
432 1586 522 1640 καὶ
570 1595 940 1655 γειτνιῶντος,
989 1585 1047 1647 ὃς
1095 1584 1478 1654 ἀκριβέστερον
1527 1583 1648 1654 ᾔδει
1697 1585 1873 1652 δήπου

196 1677 431 1744 τούτων,
472 1678 629 1737 ὄντος
670 1671 728 1727 δὲ
770 1672 1139 1746 Καλλικλέους
1178 1672 1378 1742 ἀνδρὸς
1416 1673 1519 1740 ἤδη
1560 1669 1648 1724 καὶ
1690 1667 1882 1739 ἐπιδηέ

148 1780 171 1810 4
197 1772 431 1832 μοῦντος
457 1761 773 1831 Ἀθήνησιν.
835 1760 924 1814 καὶ
962 1760 1130 1814 πλέον
1170 1758 1269 1830 μὲν
1308 1760 1341 1829 ἢ
1380 1756 1744 1813 πεντεκαίδεκ’
1784 1761 1873 1828 ἔτη

195 1860 293 1905 τοῦ
346 1853 547 1920 πατρὸς
601 1850 932 1918 ἐπιβιόντος,
995 1849 1095 1902 οὐκ
1151 1849 1348 1902 ἐλάττω
1405 1845 1465 1901 δὲ
1515 1856 1613 1901 τοῦ
1665 1848 1875 1900 τούτων

195 1940 397 2007 πατρὸς
437 1938 897 2004 [Καλλιππίδουῂ
945 1936 1003 1988 ἐν
1051 1937 1264 1998 τούτοις
1309 1944 1422 1997 τοῖς
1460 1937 1635 1987 ἔτεσιν
1674 1935 1875 1987 ἅπασιν

193 2024 313 2079 οὔτ’
366 2025 610 2094 ἐγκαλῶν
658 2023 840 2086 οὐδεὶς
886 2021 1089 2077 πώποτ’
1135 2020 1310 2092 ἦλθεν
1358 2023 1482 2075 οὔτε
1531 2025 1876 2091 μεμφόμενος

199 2112 397 2182 (καίτοι
445 2115 614 2182 δῆλον
663 2113 743 2166 ὅτι
796 2110 883 2164 καὶ
930 2109 1051 2165 τόθ’
1094 2112 1266 2164 ὕδατα
1313 2111 1571 2172 πολλάκις
1620 2108 1877 2182 ἐγένετο),

200 2199 323 2254 οὐδ’
361 2201 635 2254 ἐκώλυσεν
675 2200 727 2264 ἐξ
762 2199 946 2269 ἀρχῆς,
985 2205 1133 2268 εἴπερ
1172 2200 1348 2267 ἠδίκει
1386 2198 1506 2250 τινὰ
1539 2199 1869 2267 περιοικοδο-
1894 2210 2005 2250 1273

198 2298 315 2356 μῶν
355 2289 384 2344 ὁ
424 2290 599 2358 πατὴρ
640 2290 700 2342 τὸ
741 2291 964 2358 χωρίον,
1003 2285 1120 2340 ἀλλ’
1168 2285 1289 2340 οὐδ’
1335 2286 1708 2355 ἀπηγόρευσεν
1749 2282 1876 2338 οὐδὲ

150 2393 176 2425 ε
202 2378 611 2447 διεμαρτύρατο.
684 2379 856 2428 καίτοι
899 2371 939 2427 ὦ
983 2377 1305 2437 Καλλίκλεις
1353 2373 1476 2441 ἐξῆν
1526 2374 1703 2441 δήπου
1749 2370 1871 2426 τόθ’

197 2465 349 2533 ὑμῖν,
388 2465 592 2535 ὁρῶσιν
634 2461 1179 2531 ἀποικοδομουμένην
1214 2463 1312 2531 τὴν
1345 2451 1642 2532 χαράδραν,
1682 2459 1878 2514 ἐλθοῦ-

199 2566 289 2605 σιν
343 2553 514 2615 εὐθὺς
568 2551 892 2620 ἀγανακτεῖν
957 2549 1045 2603 καὶ
1107 2550 1286 2618 λέγειν
1339 2550 1474 2618 πρὸς
1527 2549 1623 2600 τὸν
1675 2546 1877 2615 πατέρα

202 2641 438 2709 ςΤεισία,
477 2644 534 2693 τί
568 2648 735 2694 ταῦτα
774 2649 970 2702 ποιεῖς;
1012 2638 1394 2705 ἀποικοδομεῖς
1431 2636 1532 2704 τὴν
1572 2636 1874 2705 χαράδραν;

196 2724 293 2780 εἶτ’
340 2727 645 2797 ἐμπεσεῖται
692 2729 752 2780 τὸ
801 2726 951 2796 ὕδωρ
999 2727 1076 2788 εἰς
1121 2728 1181 2779 τὸ
1230 2727 1432 2795 χωρίον
1471 2724 1531 2776 τὸ
1569 2722 1878 2793 ἡμε’τερον’,

199 2814 270 2869 ἵν’
318 2818 369 2870 εἰ
404 2814 504 2886 μὲν
545 2815 799 2885 ἐβούλετο
840 2816 1183 2881 παύσασθαι,
1233 2810 1405 2882 μηδὲν
1455 2812 1585 2881 ἡμῖν
1631 2807 1701 2880 ἦν
1748 2812 1878 2864 δυσ-

198 2902 352 2974 χερὲς
409 2905 543 2974 πρὸς
600 2901 898 2971 ἀλλήλους,
959 2903 1010 2954 εἰ
1059 2899 1109 2955 δ’
1163 2901 1475 2970 ὠλιγώρησε
1535 2897 1625 2952 καὶ
1674 2896 1876 2967 συνέβη
