2035 3158
626 165 785 206 ΠΡΟΣ
816 164 1230 206 MAKAPTATON.
1698 165 1772 219 45

92 306 192 354 τοῦ
243 297 414 352 αὑτοῦ
463 301 668 368 χωρίου
722 303 820 350 τοῦ
873 294 1129 367 πατρῴου
1178 293 1351 365 μηδὲν
1397 298 1609 350 τούτων
1654 315 1775 349 ποιΝ

93 395 192 440 εἴν.
267 386 410 439 πολύ
458 404 516 453 γε
557 385 742 446 αὐτοῖς
779 383 928 452 μέλει
980 384 1010 452 ἢ
1059 394 1170 447 τοῖς
1208 387 1399 453 νόμοις
1437 394 1550 446 τοῖς
1589 383 1771 453 ὑμετεὶ

94 493 212 542 ροις
248 476 562 540 πείθεσθαι,
601 472 634 541 ἢ
675 472 821 534 ὅπως
859 472 931 541 μὴ
972 471 1445 541 ’ἐξερημωθήσεται
1486 472 1514 526 ὁ
1556 469 1703 535 οἶκος
1743 473 1772 526 ὁ

27 588 68 618 za
86 559 324 631 Ἁγνίου.
389 560 493 628 ἐγὼ
521 557 570 613 δ’
602 557 644 614 ὦ
671 561 868 629 ἄνδρες
893 558 1140 612 δικασταὶ
1166 561 1436 629 βούλομαι
1460 559 1583 628 περὶ
1613 558 1771 628 ἐμαυ·

92 658 190 703 τοῦ
227 650 361 717 πρὸς
392 649 533 718 ὑμᾶς
572 650 745 702 εἰπεῖν
778 635 868 707 διὰ
901 646 1168 717 βραχέων,
1209 647 1297 701 καὶ
1339 649 1510 713 δεῖξαι
1551 649 1633 701 ὅτι
1673 649 1769 717 οὐχ

91 738 291 806 ὁμοίως
336 738 548 799 τούτοις
597 735 904 805 ἐπιμέλειαν
958 735 1294 805 ἐποιησάμην
1342 746 1440 790 τοῦ
1481 729 1636 790 οἴκου
1675 747 1774 791 τοῦ

82 823 324 895 Ἀγνίου,
365 825 509 887 ὅπως
540 825 612 893 μὴ
648 824 1135 892 ἐξερημωθήσεται.
1198 822 1288 877 καὶ
1328 825 1489 888 αὐτὸς
1521 825 1623 894 γάρ
1664 827 1771 894 εἰμι

89 919 189 966 τοῦ
226 910 422 981 γένους
473 920 571 966 τοῦ
616 910 913 964 Βουσέλου.
960 909 1245 981 ’Ἅβρωνος
1283 912 1387 981 γὰρ
1429 922 1525 967 τοῦ
1566 912 1769 967 Βουσέᾖ

89 1004 191 1054 λου
240 998 387 1063 υἱέος
433 1003 591 1069 ἔλαβε
640 1001 739 1069 τὴν
786 1001 1132 1068 θυγατριδῆν
1173 1002 1614 1070 Καλλίστρατος,
1664 1001 1769 1054 Εὐ-

89 1089 355 1156 βουλίδου
412 1085 513 1157 μὲν
567 1089 686 1151 υίὸς
743 1090 848 1155 ὥν,
902 1086 1187 1141 Βουσέλου
1235 1085 1284 1141 δ’
1331 1089 1544 1152 ὑϊδοῦς·
1585 1088 1674 1143 καὶ
1715 1088 1772 1143 ἐκ

89 1182 183 1244 τῆς
217 1173 502 1245 ’Ἅβρωνος
556 1177 894 1245 θυγατριδῆς
948 1174 1037 1229 καὶ
1093 1176 1152 1230 ἐκ
1206 1177 1621 1246 Καλλιστράτου
1675 1186 1773 1245 τοῦ

23 1291 66 1323 -14
91 1263 393 1333 ἀδελφιδοῦ
438 1273 536 1318 τοῦ
568 1263 850 1333 ’Ἅβρωνος
899 1262 1111 1332 ἐγένετο
1151 1263 1183 1333 ἡ
1223 1266 1398 1333 μήτηρ
1446 1263 1479 1333 ἡ
1527 1264 1771 1336 ἡμετέρα.

91 1352 196 1420 ἐγὼ
243 1350 293 1406 δ’
341 1352 527 1422 ἐπειδὴ
581 1352 984 1421 ἐπεδικασάμην
1036 1361 1129 1421 τῆς
1175 1351 1396 1405 τουτουὶ
1444 1356 1646 1424 μητρὸς
1683 1352 1772 1408 καὶ

91 1439 344 1510 ἐγένοντό
382 1461 474 1510 μοι
514 1442 650 1504 υἱεῖς
688 1438 788 1510 μὲν
829 1440 1098 1510 τέτταρες,
1147 1441 1398 1511 θυγάτηρ
1441 1439 1501 1494 δὲ
1539 1446 1662 1512 μία,
1707 1443 1773 1496 τὰ

90 1527 328 1598 ὀνόματα
378 1527 585 1599 ἐθέμην
630 1530 845 1591 τούτοις
891 1526 932 1583 ὦ
982 1531 1181 1599 ἄνδρες
1220 1531 1500 1599 δικασταί,
1550 1537 1623 1603 τῷ
1671 1528 1774 1600 μὲν

86 1617 440 1691 πρεσβυτάτω
487 1619 548 1672 τὸ
599 1626 697 1671 τοῦ
743 1619 944 1687 πατρὸς
982 1625 1081 1672 τοῦ
1121 1618 1359 1687 ἐμαυτοῦ
1399 1620 1604 1687 ὄνομα,
1650 1623 1773 1672 Σω-

89 1707 245 1773 σίαν,
295 1706 475 1775 ὥσπερ
523 1704 612 1760 καὶ
653 1707 866 1759 δίκαιόν
918 1705 1060 1773 ἐστι,
1112 1705 1200 1760 καὶ
1240 1705 1494 1760 ἀπέδωκα
1532 1713 1605 1778 τῷ
1646 1726 1771 1777 πρε-

89 1793 336 1867 σβυτάτῳ
375 1802 535 1848 τοῦτο
575 1796 635 1848 τὸ
677 1796 875 1863 ὄνομα·
917 1802 988 1866 τῷ
1032 1792 1092 1848 δὲ
1131 1792 1245 1864 μετ’
1292 1795 1461 1849 αὐτὸν
1493 1794 1771 1869 γενομένῳ
1795 1814 1902 1852 1076

88 1880 285 1954 τουτῳὶ
324 1881 531 1951 ἐθέμην
571 1882 953 1952 Εὐβουλίδην,
994 1884 1125 1953 ὅπερ
1173 1881 1244 1952 ἦν
1284 1885 1459 1953 ὄνομα
1497 1891 1570 1956 τῷ
1611 1883 1772 1955 πατρὶ

88 1975 162 2042 τῷ
207 1976 300 2039 τῆς
344 1973 547 2040 μητρὸς
594 1979 689 2040 τῆς
735 1979 833 2024 τοῦ
882 1974 1076 2035 παιδὸς
1128 1976 1378 2026 τουτουί·
1425 1980 1500 2045 τῷ
1543 1969 1603 2025 δὲ
1640 1973 1772 2041 μετὰ

84 2064 284 2112 Ιτοῦτον
333 2059 631 2113 Μενεσθέα
683 2058 913 2128 ἐθέμην·
968 2059 1057 2114 καὶ
1109 2061 1212 2131 γὰρ
1253 2061 1282 2115 ὁ
1323 2063 1650 2124 ᾁῖὶᾶενεσθεδς
1696 2063 1768 2115 οἰ-

90 2155 231 2209 κεῖος
274 2142 345 2216 ἦν
389 2155 484 2216 τῆς
529 2147 658 2216 ἐμῆς
703 2151 983 2217 γυναικός·
1040 2156 1113 2221 τῷ
1157 2145 1218 2202 δὲ
1263 2149 1517 2222 νεωτάτῳ
1566 2148 1770 2219 ἐθέμην

90 2234 264 2303 ὄνομα
312 2237 754 2305 Καλλίστρατον,
809 2236 837 2288 ὃ
885 2233 954 2305 ἦν
1002 2238 1176 2306 ὄνομα
1225 2245 1299 2309 τῷ
1353 2236 1513 2307 πατρὶ
1563 2245 1638 2310 τῷ
1679 2247 1771 2307 τῆς

91 2321 221 2390 ἐμῆς
263 2324 479 2391 μητρός.
557 2326 632 2376 ε”τι
681 2320 740 2376 δὲ
787 2325 922 2393 πρὸς
971 2325 1184 2387 τούτοις
1231 2324 1318 2378 καὶ
1368 2327 1466 2395 τὴν
1505 2323 1764 2396 θυγατέρ’

89 2410 266 2463 ἔδωκα
305 2410 577 2479 οὐδαμόσε
619 2410 745 2474 ἔξω,
786 2410 922 2464 ἄλλα
963 2421 1034 2484 τῷ
1077 2412 1356 2486 ἀδελφιδῷ
1399 2421 1472 2486 τῷ
1514 2413 1770 2483 ἐμαυτοῦ,

90 2496 267 2567 ὅπως,
298 2497 396 2551 ἐὰν
423 2499 749 2567 ὑγιαίνωσι,
796 2498 885 2553 καὶ
925 2501 982 2554 οἷ
1018 2501 1075 2554 ἐκ
1115 2503 1325 2555 τούτων
1365 2501 1423 2556 ἐκ
1463 2511 1562 2556 τοῦ
1601 2503 1770 2562 αὐτοῦ

22 2615 68 2649 ‘1⁶
90 2583 283 2654 γένους
320 2583 456 2640 ὦσιν
487 2584 692 2659 Ἁγνίᾳ.
770 2586 874 2655 ἐγὼ
912 2585 1012 2657 μὲν
1052 2585 1155 2643 οὖν
1196 2599 1391 2644 τοῦτον
1431 2592 1527 2644 τὸν
1566 2595 1770 2660 τρόπον

90 2669 362 2746 διῴκησα,
407 2675 550 2738 ’ὅπως
596 2674 666 2728 ἂν
714 2674 1083 2749 διασῴζωνται
1131 2677 1213 2732 ὅτι
1264 2679 1495 2747 μάλιστα
1536 2680 1594 2732 οἱ
1628 2676 1768 2733 οἶκοι

90 2762 150 2815 οἰ
187 2760 293 2816 ἀπὸ
338 2770 454 2817 τοῦ.
477 2761 781 2817 Βουσέλου·
836 2764 1065 2827 τούτους
1112 2763 1161 2818 δ’
1209 2764 1541 2835 ἐξετάσωμεν
1588 2771 1769 2822 πάλιν.

89 2847 180 2903 καὶ
214 2849 520 2918 πρώτιστον
558 2846 661 2920 μὲν
698 2851 794 2905 τὸν
831 2852 1007 2921 νόμον
1046 2855 1265 2906 τουτονί
1306 2852 1608 2922 ἀνάγνωθι.
