2035 3158
0 562 80 606 με

40 1267 80 1299 19

43 2149 84 2181 20

46 2762 85 2794 21.

596 148 755 197 ΚΑΤΑ
782 112 1293 189 ΔΟΛΤΜΪΠΟΔΩΡΟΤ.
1681 143 1782 197 133

104 281 238 333 κατὰ
277 283 405 344 τοὺς
456 278 654 351 ὅρκους
701 278 798 343 οὓς
844 279 1133 348 ὠμόσαμεν
1179 278 1332 348 ἡμεῖς
1381 278 1470 333 καὶ
1518 271 1651 332 κατὰ
1699 279 1790 338 τὰς

106 370 389 437 συνθήκας
425 367 520 431 τὰς
556 366 806 436 κειμένας
844 368 989 437 παρὰ
1028 375 1102 438 τῷ
1139 365 1548 438 Ἀνδροκλείδῃ,
1588 368 1648 421 τὸ
1689 362 1790 436 μὲν

104 458 272 525 ’ἥμισυ
314 457 418 524 ἐγὼ
459 458 678 525 ἔλαβον,
716 457 777 510 τὸ
820 453 868 508 δ’
907 456 1075 524 ἥμισυ
1109 454 1296 509 οὑτοσὶ
1334 453 1789 525 Ὀλυμπιόδωρος.

106 545 237 613 μετὰ
290 541 350 598 δὲ
400 541 549 598 ταῦτ’
604 544 670 598 οὐ
729 548 913 616 πολλῷ
968 547 1149 617 χρόνῳ
1200 544 1433 611 ὕστερον
1487 543 1545 597 ἐκ
1594 545 1791 612 ταύτης

104 641 198 701 τῆς
235 632 475 697 ὑποψίας
512 640 607 702 τῆς
644 634 780 703 πρὸς
819 629 916 687 τὸν
965 631 1181 701 οἰκέτην
1221 630 1344 702 περὶ
1385 641 1483 686 τοῦ
1523 630 1789 701 ἀργυρίου

108 717 199 787 [οὗ
246 719 579 787 ἀπέδωκεν],
626 722 785 790 ἔδησε
833 722 929 774 τὸν
978 722 1280 792 ἄνθρωπον
1327 719 1416 773 καὶ
1465 719 1788 789 ἐβασάνισεν

105 804 266 871 οὗτος
304 805 390 878 ἐφ’
437 806 655 877 ἑαυτοῦ,
694 808 833 878 ἡμᾶς
873 806 933 863 δὲ
967 809 1032 862 οὐ
1067 809 1453 879 παρεκάλεσεν,
1493 806 1792 877 ὀμωμοκὼς

103 903 261 967 κοινῇ
312 898 559 966 ζητήσειν
606 895 696 950 καὶ
742 896 968 967 πράξειν
1017 895 1131 966 μετ’
1189 897 1324 966 ἐμοῦ
1369 896 1560 949 πάντα.
1629 892 1720 946 καὶ
1759 893 1790 947 6

104 986 400 1054 ἄνθρωπος
437 980 479 1037 ὦ
520 985 717 1055 ἄνδρες
765 983 1015 1037 δικασταὶ
1066 987 1515 1052 κατατεινόμενος
1551 982 1658 1036 ὑπὸ
1697 989 1791 1050 τῆς

103 1073 378 1142 βασάνου,
431 1075 896 1143 προσωμολόγησε
953 1071 1041 1126 καὶ
1088 1073 1183 1135 τὰς
1231 1071 1607 1140 ἐβδομήκοντα
1653 1078 1791 1139 μνᾶς

104 1159 387 1230 εἰληφέναι
425 1160 766 1231 ὑφελόμενος
808 1163 1094 1230 Κόμωνος,
1133 1159 1223 1214 καὶ
1265 1159 1607 1213 ἀποδίδωσιν
1646 1159 1789 1212 ἅπαν

104 1250 165 1302 τὸ
213 1248 480 1320 ἀργύριον
527 1258 687 1304 τοῦτο
737 1247 1166 1322 Ὀλυμπιοδώρῳ
1213 1250 1427 1320 τουτῳί.
1499 1246 1603 1315 ἐγὼ
1651 1244 1700 1299 δ’
1747 1243 1789 1299 ὦ

106 1337 304 1405 ἄνδρες
343 1337 622 1405 δικασταί,
671 1336 858 1405 ἐπειδὴ
908 1336 1196 1406 ἐπυθόμην
1242 1334 1367 1406 περὶ
1414 1344 1506 1404 τῆς
1545 1335 1790 1405 βασάνου

105 1423 440 1494 τάνθρώπου
480 1422 569 1477 καὶ
613 1424 696 1477 ὅτι
735 1423 1099 1488 ἀποδεδωκὼς
1131 1430 1212 1494 εἴη
1245 1426 1305 1478 τὸ
1348 1423 1633 1494 ἀργύριον,
1672 1422 1790 1476 ε’νό-

105 1514 260 1581 μιζόν
298 1532 390 1582 μοι
431 1511 740 1567 ἀποδώσειν
786 1522 984 1567 τοῦτον
1033 1515 1093 1567 τὸ
1141 1514 1309 1581 ἥμισυ
1358 1521 1455 1566 τοῦ
1503 1511 1790 1582 ἀργυρίου,

106 1601 287 1671 ὥσπερ
347 1599 439 1654 καὶ
493 1602 553 1655 τὸ
606 1604 875 1672 πρότερον
926 1601 1043 1656 ἀπὸ
1108 1611 1218 1654 τῶν
1280 1604 1471 1671 χιλίων
1534 1602 1791 1671 δραχμῶν

107 1687 400 1742 ἀπέδωκεν.
460 1687 552 1742 καὶ
592 1689 764 1752 εὐθὺς
812 1686 910 1758 μὲν
960 1690 1026 1744 οὐ
1065 1690 1212 1742 πάνυ
1252 1709 1302 1741 τι
1341 1688 1628 1758 ἠνώχλουν
1667 1689 1791 1741 τού-

106 1798 201 1851 τῳ,
238 1764 542 1847 ἡγούμενος
581 1777 750 1832 αὐτὸν
790 1786 950 1831 τοῦτο
998 1779 1311 1846 γνώσεσθαι
1359 1775 1448 1829 καὶ
1489 1778 1792 1846 διοικήσειν

106 1865 195 1919 καὶ
235 1865 355 1935 ἐμοὶ
394 1866 482 1920 καὶ
524 1865 727 1938 ἑαυτῷ,
775 1867 921 1929 ὅπως
973 1866 1223 1937 ἑκάτερος
1269 1864 1424 1934 ἡμῶν
1463 1864 1567 1929 ἕξει
1607 1867 1671 1919 τὰ
1712 1867 1792 1919 δι’-

107 1974 232 2008 καια
282 1955 416 2008 κατὰ
466 1957 594 2017 τοὺς
645 1955 842 2025 ὅρκους
904 1954 993 2008 καὶ
1045 1956 1137 2018 τὰς
1188 1956 1468 2022 συνθήκας
1517 1955 1611 2017 τὰς
1658 1956 1794 2024 πρὸς

109 2044 247 2112 ἡμᾶς
285 2043 504 2112 αὐτούς,
541 2041 667 2113 περὶ
705 2052 806 2098 τοῦ
847 2046 1155 2113 ἰσομοιρεῖν
1188 2042 1446 2095 ἁπάντων
1479 2038 1556 2095 ὧν
1592 2045 1794 2112 Κόμων

110 2129 179 2201 ἧν
204 2132 626 2194 καταλελοιπώς·
663 2131 849 2201 ἐπειδὴ
885 2131 934 2184 δ’
960 2130 1260 2202 ἐνδιέτριβε
1293 2129 1381 2184 καὶ
1415 2128 1580 2185 οὐδὲν
1605 2131 1795 2200 ἐποίει,

111 2221 434 2289 διελεγόμην
473 2217 670 2291 τουτῳὶ
703 2217 1156 2293 Ὀλυμπιοδώρῳ,
1194 2217 1285 2272 καὶ
1323 2218 1515 2288 ἠξίουν
1554 2219 1791 2289 ἀπολαμ-

109 2308 301 2376 βάνειν
353 2308 414 2361 τὸ
470 2307 706 2376 ἐμαυτοῦ
762 2307 924 2378 μέρος
979 2316 1078 2362 τοῦ
1133 2307 1417 2378 ἀργυρίου.
1495 2307 1681 2361 οὑτοσὶ
1738 2306 1786 2361 δ’
1814 2323 1922 2363 1173

103 2394 546 2464 Ὀλυμπιόδωρος
577 2394 666 2448 ἀεί
691 2415 742 2449 τι
773 2396 1174 2466 προύφασίζετο
1215 2395 1306 2449 καὶ
1339 2395 1611 2465 ἀναβολὰς
1649 2396 1793 2451 ἐποι-

111 2492 237 2536 εῖτο.
298 2481 389 2536 καὶ
430 2483 489 2536 ἐν
529 2484 704 2556 τούτῳ
744 2491 818 2556 τῷ
853 2492 1024 2556 καιρῷ
1066 2483 1246 2554 ἕτεροί
1280 2503 1424 2547 τινες
1458 2486 1657 2557 ἔλαχον
1696 2494 1793 2539 τοῦ

111 2572 317 2641 κλήρου
367 2578 466 2625 τοῦ
518 2573 815 2639 Κόμωνος,
865 2570 956 2624 καὶ
1007 2571 1036 2625 6
1089 2572 1408 2634 Κάλλιππος
1457 2571 1794 2642 ἐπεδήμησεν

112 2657 172 2711 ἐκ
209 2666 303 2727 τῆς
341 2656 672 2728 ἀποδημίας,
721 2658 749 2713 6
792 2659 917 2728 ἐμὸς
964 2659 1200 2729 ἀδελφὸς
1239 2660 1268 2714 ὁ
1310 2660 1657 2730 ὁμοπάτριος·
1705 2661 1789 2714 καὶ

114 2743 273 2809 οὗτος
305 2749 496 2817 ἔλαχεν
528 2747 699 2810 εὐθὺς
730 2755 827 2800 τοῦ
860 2747 1202 2819 ἡμικληρίου.
1258 2746 1347 2801 καὶ
1379 2747 1576 2821 τουτῳὶ
1602 2747 1794 2819 Ὀλυμ-

111 2834 368 2908 πιοδώρῳ
407 2837 680 2906 πρόφασις
718 2833 809 2888 καὶ
849 2836 983 2906 αὕτη
1027 2835 1240 2905 ἐγένετο
1279 2838 1414 2907 πρὸς
1452 2838 1512 2890 τὸ
1552 2839 1624 2906 μὴ
1663 2837 1794 2892 ἀπο-

113 2924 332 2976 διδόναι
371 2942 464 2991 μοι
502 2924 563 2977 τὸ
603 2922 896 2994 ἀργύριον,
945 2923 1130 2993 ἐπειδὴ
1178 2922 1371 2978 πολλοὶ
1418 2922 1558 2994 ἦσαν
1606 2927 1663 2979 οἶ
1697 2924 1794 2993 ἄψ
