2035 3158
151 165 253 216 162
682 165 732 205 L.
781 159 1266 218 [Atmozfflfflo‘rx

144 297 296 366 ὑμᾶς.
373 301 483 349 ἴστε
538 284 658 363 γὰρ’
697 301 892 347 τοῦτον
947 290 1006 345 ἐν
1060 297 1134 363 τῷ
1192 291 1346 362 δήμῳ
1401 287 1676 357 ὀμόσαντα
1730 285 1820 340 καὶ

144 383 556 454 ἐπαρασάμενον
611 381 756 453 αὐτῷ
813 379 1094 446 ἐξώλειαν,
1148 378 1200 430 εἰ
1248 377 1321 445 μὴ
1375 375 1668 445 γράψοιτο·
1691 372 1821 444 Ἰφι-

144 471 347 540 κράτην
387 469 584 537 ξενίας,
623 467 712 522 καὶ
750 467 1167 534 καθιερώσαντα
1198 465 1298 531 τὴν
1332 462 1528 516 σύσίαν
1560 463 1659 531 τὴν
1700 461 1824 515 ἑαυ-

147 567 256 613 τοῦ.
321 557 524 626 ὀμόσας
563 552 622 609 δὲ
664 564 831 609 ταῦτα
877 552 966 606 καὶ
1012 553 1387 622 ὑποσχόμενος
1433 549 1493 604 έν
1533 557 1606 622 τῷ
1649 551 1825 623 δήμῳ,

147 646 215 700 οὐ
245 649 429 716 πολλῷ
463 646 642 716 χρόνῳ
675 643 905 712 ὕστερον
937 640 1093 693 ἕνεκα
1125 648 1223 693 τοῦ
1248 637 1625 709 συμφέροντος
1656 639 1824 692 ἔδωκε

78 752 120 785 6⁷
146 742 219 806 τῷ
260 733 374 787 υἱεῖ
408 740 480 804 τῷ
523 731 737 785 ἐκείνου
776 731 876 799 τὴν
914 726 1207 798 θυγατέρα.
1270 726 1329 789 ὃς
1368 722 1471 781 οὖν
1510 724 1638 780 οὔθ’
1688 727 1827 795 ὑμᾶς

149 819 400 891 ᾐσχύνθη
442 819 767 888 ἐξαπατῆσαι
806 817 1205 887 ὑποσχόμενος,
1251 817 1439 884 νόμων
1479 816 1684 883 ὄντων,
1731 813 1827 867 ε’άν

148 930 228 972 τις
278 911 374 962 τὸν
432 909 608 976 δῆμον
664 905 1036 974 ὑποσχόμενος
1097 903 1428 973 ἐξαπατήσῃ,
1480 904 1828 970 εἰσαγγελίαν

148 994 289 1051 εἶναι
327 994 453 1066 περὶ
492 995 681 1062 αὐτοῦ,
722 993 847 1046 οὔτε
886 994 1014 1055 τοὺς
1052 994 1221 1054 θεοὺς
1260 991 1462 1060 ὀμόσας
1500 989 1590 1043 καὶ
1630 990 1828 1058 ἐπαρα-

149 1085 383 1154 σάμενος
423 1082 596 1154 ἑαυτῷ
639 1083 869 1148 ἔδεισεν,
908 1080 1003 1143 οὓς
1039 1080 1358 1149 ἐπιώρκησε,
1395 1087 1508 1141 πῶς
1547 1078 1649 1132 οὐκ
1685 1080 1831 1142 εἰκὸς

151 1170 242 1241 ἐμὲ
298 1172 473 1243 τούτῳ
532 1170 604 1239 μὴ
661 1167 876 1222 ἐθέλειν
931 1168 1097 1237 ὅρκον
1153 1169 1372 1230 δοῦναι;
1431 1166 1583 1219 οὔπω
1637 1169 1829 1220 τοίνυν

149 1262 320 1324 πολὺς
358 1261 554 1330 χρόνος
595 1255 741 1311 ἐστὶν
788 1256 842 1320 ἐξ
892 1252 959 1310 οὗ
1009 1255 1069 1310 ἐν
1117 1263 1188 1328 τῷ
1231 1256 1385 1325 δήμῳ
1425 1254 1591 1306 πάλιν
1631 1255 1830 1321 διωμό-

151 1363 301 1415 σατο,
340 1347 411 1416 μὴ
450 1342 590 1398 εἶναι
625 1345 769 1416 αὐτῷ
813 1343 1008 1413 ἐφόδια
1040 1351 1114 1415 τῷ
1157 1345 1298 1414 γήρᾳ
1340 1341 1518 1410 ἱκανά,
1557 1343 1831 1409 τοσαύτην

151 1436 346 1489 οὐσίαν
385 1430 728 1501 κεκτημένος’
777 1431 949 1494 οὕτως
994 1430 1264 1499 ἄπληστος
1309 1426 1398 1481 καὶ
1439 1429 1832 1498 αἰσχροκερδὴς

85 1545 130 1575 ca
154 1525 181 1578 ὁ
222 1525 419 1592 τρόπος
458 1520 629 1574 αὐτοῦ
668 1518 830 1572 ἐστιν.
905 1517 1073 1587 ἡδέως
1123 1515 1172 1570 δ’
1219 1517 1288 1570 ἂν
1336 1519 1505 1585 ἔγωγε
1544 1519 1831 1584 πυθοίμην

152 1613 326 1681 ὑμῶν,
366 1611 416 1662 εἰ
454 1609 738 1678 ὀργίζεσθε
786 1616 899 1669 τοῖς
944 1603 1435 1674 ἀνεσκευασμένοις
1482 1614 1589 1657 τῶν
1637 1623 1831 1674 τραπε-

155 1703 327 1764 ζιτῶν.
390 1699 441 1750 εἰ
477 1697 580 1766 γὰρ
622 1695 850 1757 ἐκείνοις
881 1694 1164 1765 ὀργίζεσθε
1206 1695 1447 1760 δικαίως,
1487 1692 1568 1744 ὅτι
1610 1691 1830 1745 ἀδικοῦ-

153 1801 243 1841 σιν
297 1786 463 1855 ὑμᾶς,
522 1793 636 1847 πῶς
689 1782 790 1836 οὐκ
843 1784 987 1845 εἰκός
1041 1781 1153 1835 ἐστι
1207 1785 1439 1851 βοηθεῖν
1495 1790 1607 1843 τοῖς
1659 1777 1832 1849 μηδὲν

153 1876 430 1938 ἀδικοῦσι;
471 1870 560 1925 καὶ
601 1873 709 1941 μὴν
750 1871 840 1923 διὰ
881 1871 1106 1932 τούτους
1146 1871 1273 1932 τοὺς
1305 1869 1508 1937 ἄνδρας
1547 1868 1608 1920 αἱ
1640 1868 1833 1937 τράπε-

158 1967 238 2029 ζαι
269 1960 747 2026 ἀνασκευάζονται,
780 1961 837 2011 οἳ
865 1957 932 2010 ἂν
967 1956 1332 2025 ἀπορούμενοι
1358 1953 1458 2025 μὲν
1484 1957 1833 2020 δανείζωνται

156 2050 244 2104 καὶ
285 2056 507 2104 οἴωνται
549 2048 638 2101 διὰ
678 2047 777 2115 τὴν
819 2045 984 2109 δόξαν
1024 2045 1377 2098 πιστεύεσθαι
1419 2045 1562 2112 δεῖν,
1603 2042 1834 2112 εὐπορή-

158 2155 347 2201 σαντες
386 2134 445 2190 δὲ
484 2136 556 2205 μὴ
596 2133 956 2201 ἀποδιδῶσιν,
995 2129 1112 2186 ἀλλ’
1159 2131 1547 2201 ἀποστερῶσιν.

90 2248 133 2280 69
253 2225 434 2278 Ὅσων
467 2220 566 2293 μὲν
598 2225 788 2275 τοίνυν
815 2217 855 2274 ὦ
882 2221 1077 2288 ἄνδρες
1111 2218 1359 2273 δικασταὶ
1393 2219 1679 2288 ἠδυνάμην
1702 2219 1836 2288 ὑμῖν

157 2315 433 2385 μάρτυρας
467 2299 873 2380 παρασχέσθαι,
916 2311 1363 2379 μεμαρτυρήκασί
1387 2324 1499 2376 μοι·
1536 2309 1613 2360 ἔτι
1649 2304 1711 2360 δὲ
1745 2305 1837 2360 καὶ

159 2403 219 2457 ἐκ
241 2403 545 2471 τεκμηρίων
571 2400 852 2467 δεδήλωκα
877 2396 1008 2465 ὑμῖν
1034 2396 1106 2458 ὡς
1125 2394 1331 2466 ὀφείλει
1359 2397 1625 2464 Τιμόθεος
1640 2393 1838 2464 τάργύ-

162 2511 284 2560 ριον
314 2497 388 2563 τῷ
422 2486 581 2553 πατρὶ
614 2493 687 2559 τῷ
723 2485 849 2557 ἐμῷ.
905 2483 1096 2553 δέομαι
1129 2479 1231 2537 οὖν
1263 2483 1417 2553 ὑμῶν
1450 2481 1843 2552 συνεισπρᾶξαί

160 2599 251 2647 μοι
291 2579 419 2640 τοὺς
457 2575 796 2645 ὀφείλοντας,
835 2572 869 2625 δι’
909 2592 1000 2641 μοι
1041 2571 1069 2626 ὁ
1109 2572 1284 2642 πατὴρ
1323 2569 1624 2625 κατέλιπεν.

853 2792 1175 2801 -.----

1854 1794 1959 1834 2205
2017 1846 2022 1850 ,

2011 753 2022 772 e
2013 732 2019 735 ι
2011 713 2022 721 ι
2003 597 2022 703 „mmm-La
2010 570 2021 587 ‚x
2001 356 2022 550 <·x›..;'-'>'fl!‹ubs
2003 300 2020 345 ,4.1.
