2035 3158
745 164 908 208 ΠΡΟΣ
942 146 1246 210 ΑΕΩΧΑΡΗ.
1767 164 1838 216 49

896 348 1087 402 XLIV.

157 466 391 530 ΠΡΟΣ
437 465 865 527 ΛΕΩΧΑΡΗ
919 466 1130 527 ΠΕΡΙ
1184 465 1361 527 TOT
1404 465 1842 528 ΑΡΧΙΑΔΟΤ

801 564 1183 628 KAHPOT.

814 708 1156 766 ΤΠοωΕΣΙΣ.

258 827 516 895 Ἀρχιάδου
550 828 919 893 τελευτήσαντος
951 826 1163 890 ἄπαιδος
1195 831 1490 897 Λεωκράτης
1521 828 1722 896 κατέσχε
1753 828 1838 880 τὸν

155 914 370 975 κλῆρον-,ν
416 909 655 976 συγγενής
705 903 745 958 τ’
803 906 872 958 ὢν
924 908 1076 960 αὐτοῦ
1126 910 1208 961 καὶ
1258 912 1636 977 εἰσπεποιῆσθαι
1685 909 1838 978 λέγων

153 987 243 1040 ὑπ’
282 987 558 1056 Ἀρχιάδου.
620 988 701 1039 καὶ
741 988 879 1054 μέχρι
917 989 1005 1054 μέν
1043 1010 1175 1051 τινος
1214 991 1360 1051 αὐτὸς
1399 997 1638 1056 κατεῖχεν,
1677 991 1840 1041 ἔπειτα

153 1071 236 1122 τὸν
282 1070 394 1122 υἷὸν
438 1070 524 1121 τὸν
577 1069 754 1120 ἑαυτοῦ
801 1070 1123 1135 Λεώστρατον
1178 1073 1458 1136 εἰσποιήσας
1513 1069 1632 1122 ἄνθ’
1684 1072 1838 1122 αὑτοῦ

153 1157 218 1223 τῷ
251 1149 501 1222 Ἀρχιάδῃ,
543 1151 776 1212 ἐξίσταται
823 1159 910 1202 τοῦ
957 1152 1098 1202 οἴκου
1146 1152 1225 1202 καὶ
1274 1154 1343 1213 εἰς
1381 1153 1465 1202 τὸν
1505 1154 1689 1203 οἰκεῖον
1727 1153 1840 1203 άνεπ

154 1233 402 1302 χώρησεν,Ι
428 1230 705 1292 ὡςιῦδειαν
745 1232 1015 1292 δεδωκότος
1054 1233 1242 1282 τούτων
1281 1241 1367 1283 τοῦ
1410 1234 1579 1299 νόμου.
1644 1232 1839 1297 ἐποίησε

155 1313 207 1364 δὲ
244 1312 390 1364 ταύτὸ
429 1313 510 1362 καὶ
550 1311 575 1363 ὅ
616 1312 951 1378 Λεώστρατος,
992 1313 1074 1362 καὶ
1111 1310 1234 1363 ἀνθ’
1279 1314 1432 1364 αὑτοῦ
1471 1302 1748 1364 καταλιπὼν
1786 1313 1840 1364 έν

154 1398 219 1464 τῷ
257 1395 376 1464 οἴκῳ
416 1401 502 1444 τοῦ
537 1391 795 1458 Ἀρχιάδου
833 1395 989 1443 παῖδα
1020 1395 1321 1459 Λεωκράτην
1360 1395 1685 1459 καλούμενον,
1724 1394 1837 1444 ε’πα-
1861 1405 1944 1443 108

107 1496 129 1526 2
153 1479 339 1540 νῆλθεν
378 1473 523 1534 αὐτὸς
563 1475 632 1534 εἰς
669 1473 760 1538 τὴν
792 1475 954 1525 οἰκίαν
986 1474 1076 1537 τὴν
1115 1483 1202 1525 τοῦ
1243 1476 1389 1539 φύσει
1429 1475 1624 1539 πατρός.
1686 1473 1711 1525 ὅ
1751 1473 1840 1539 μὲν

152 1555 214 1620 δὴ
247 1555 561 1620 Λεωκράτης,
593 1553 618 1606 ὁ
651 1560 919 1615 τελευταῖος
951 1556 1252 1620 εἰσποιηθεὶς
1283 1562 1348 1628 τῷ
1375 1554 1624 1626 Ἀρχιάδῃ,
1662 1555 1840 1620 τέθνη-

152 1656 237 1688 κεν
274 1635 451 1700 ἅπαις,
489 1637 830 1701 προσελήλυθε
878 1636 930 1687 δὲ
969 1641 1034 1708 τῷ
1074 1638 1234 1704 κλήρῳ
1270 1635 1642 1703 Ἀριστόδημος,
1688 1635 1841 1703 λέγων

151 1716 384 1785 ἐγγύτατα
422 1725 510 1768 τοῦ
549 1716 727 1784 γένους
767 1712 894 1767 εἶναι
926 1722 992 1788 τῷ
1019 1715 1268 1788 Ἀρχιάδῃ,
1302 1713 1454 1783 οὗπερ
1495 1712 1559 1782 ἧν
1598 1716 1624 1768 ὁ
1663 1722 1842 1783 κλῆρος

151 1798 201 1859 ἐξ
240 1796 528 1864 ἀρχῆς,,καὶ
570 1794 635 1848 δι’
681 1797 870 1848 ἐκεῖνον
918 1803 983 1869 τῷ
1022 1800 1303 1864 Λεωκράτει
1349 1803 1414 1870 τῷ
1453 1800 1706 1868 τελευταίῳ
1746 1806 1843 1848 τῶν

91 1877 550 1951 1,εἰστιεοιηθέντων.
624 1879 895 1944 Λεωχάρης
953 1875 998 1928 δ’
1056 1876 1082 1928 ὁ
1132 1879 1345 1943 ἀδελφὸς
1403 1887 1489 1929 τοῦ
1549 1879 1844 1943 τεθνηκότος

150 1960 454 2026 ἀμφισβητεῖ
485 1967 573 2011 τοῦ
612 1960 817 2027 κλήρου,
856 1959 909 2010 τὸ
949 1957 1039 2024 μὲν
1079 1959 1193 2010 ὅλον
1235 1961 1595 2026 ἰσχυριζόμενος
1632 1959 1845 2024 ποιήσει,

152 2040 218 2102 ὡς
254 2041 364 2102 υἱὸς
402 2041 603 2106 ποιητὸς
641 2039 713 2091 ὢν
753 2048 839 2091 τοῦ
879 2042 1226 2105 Λεωκράτους,
1266 2042 1471 2105 φάσκων
1512 2037 1557 2090 δ’
1601 2036 1726 2091 εἶναι
1764 2040 1845 2091 καὶ

106 2141 129 2174 8
153 2122 392 2189 συγγενὴς
424 2119 700 2188 Ἀρχιάδου.
764 2120 789 2172 ὅ
831 2118 878 2171 δ’
923 2121 1046 2186 ὑπὲρ
1089 2119 1440 2187 Ἀριστοδήμου
1481 2121 1635 2188 λέγων
1673 2121 1846 2172 ἐπιδεί-

153 2217 297 2252 κνυσι
333 2202 425 2267 τὴν
463 2200 552 2266 μὲν
592 2210 678 2252 τοῦ
717 2201 891 2268 γένους
933 2203 1209 2270 ἀγχιστείαν
1237 2201 1566 2273 Ἀριστοδήμῳ
1608 2204 1847 2253 διδοῦσαν

152 2282 236 2332 τὸν
281 2287 490 2348 κλῆρον,
537 2281 626 2346 τὴν
675 2282 727 2332 δὲ
778 2285 986 2349 ποίησιν
1030 2287 1379 2349 παραπλησίαν
1429 2278 1606 2335 οὖσαν·
1655 2283 1715 2334 οὐ
1753 2283 1846 2350 γὰρ

153 2366 269 2429 ζῶν,
307 2363 487 2428 φησὶν,
535 2361 561 2414 ὁ
599 2365 900 2429 Λεωκράτης
952 2365 1213 2429 ἐποιήσατο
1260 2368 1414 2416 παῖδα
1460 2365 1546 2415 τὸν
1585 2364 1845 2430 Λεωχάρη,

151 2445 379 2509 καθάπερ
420 2445 473 2495 οἱ
506 2444 650 2509 νόμοι
688 2445 989 2511 κελεύουσιν,
1030 2445 1152 2495 ἀλλὰ
1185 2447 1301 2512 μετὰ
1332 2446 1421 2511 τὴν
1455 2445 1645 2496 ἐκείνου
1684 2450 1844 2494 τελευ-

150 2525 239 2589 τὴν
264 2523 340 2576 ἐπ’
362 2525 686 2591 ἀποστερήσει
710 2534 794 2591 τῆς
819 2525 988 2586 οὐσίας
1012 2526 1144 2590 παρὰ
1168 2528 1283 2588 τοὺς
1307 2528 1491 2591 νόμους
1516 2523 1546 2590 ἡ
1573 2526 1844 2590 εἰσποίησις

152 2608 346 2673 γίνεται.
409 2605 534 2674 λέγει
573 2605 625 2657 δὲ
666 2606 751 2657 τὸν
790 2607 937 2674 λόγον
975 2615 1062 2657 τοῦ
1097 2604 1450 2673 Ἀριστοδήμου
1492 2605 1517 2656 ὅ
1556 2606 1678 2665 υἱός.

265 2764 595 2834 Αἴτιοςμέν
635 2766 747 2818 ἐστι
787 2763 1082 2834 Λεωχάρης
1130 2765 1318 2818 οὑτοσὶ
1361 2761 1402 2818 ὦ
1442 2765 1643 2833 ἄνδρες
1691 2765 1842 2818 δικα-

150 2855 293 2920 σταί,
333 2860 433 2907 τοῦ
470 2851 562 2906 καὶ
601 2854 765 2915 αὐτὸς
804 2855 1088 2923 κρίνεσθαι
1134 2851 1223 2906 καὶ
1265 2850 1356 2922 ἐμὲ
1396 2853 1666 2922 νεώτερον
1706 2854 1841 2906 ὄντα

96 2959 101 2967 ··
150 2937 440 3010 λέγειν-ἐν
485 2941 679 3011 ’ὑμῑ’ν,’·ἱ
695 2940 863 3005 ἀξιῶν
912 2945 1278 3010 κληρονομεῖν
1327 2937 1404 2994 ὧν
1451 2941 1519 2994 οὐ
1565 2948 1839 3010 προσῆκεν

241 3034 448 3069 Βεεεοςτπ.
495 3036 578 3068 Vol.
604 3036 668 3066 Πῖ
1545 3033 1571 3064 A
