2035 3158
477 135 621 177 ΠΕΡΙ
648 135 775 178 ΤΟΥ
805 136 979 180 mm.
1009 137 1132 178 ΤΗΣ
1163 138 1572 181 TPfflPAPXIAZ.
1760 135 1863 188 187

186 265 277 321 καὶ
307 268 402 330 τὰς
431 263 533 337 μὲν
565 268 799 336 ὠφελίας
831 269 944 339 ἰδίᾳ
974 277 1294 336 καρποῦται,
1332 269 1425 332 τὰς
1456 266 1518 323 δὲ
1552 271 1706 333 δίκας
1744 268 1870 323 τού-

185 374 295 409 των
326 355 358 410 ὁ
387 356 568 426 τυχὼν
609 356 839 409 δίδωσιν
870 356 1046 425 ὑμῶν,
1080 355 1171 409 καὶ
1203 360 1393 425 μόνοις
1425 357 1557 427 ὑμῖν
1592 358 1868 425 οὐδαμόσε

187 445 335 497 ἔστιν
384 445 520 498 ἄνευ
569 447 863 513 κηρυκείου
913 445 1164 513 βαδίσαι,
1215 446 1306 497 διὰ
1357 446 1450 508 τὰς
1500 445 1606 499 ὑπὸ
1656 446 1868 498 τούτων

121 547 161 579 14
185 530 561 601 ἀνδροληψίας
605 531 696 584 καὶ
743 532 911 594 σύλας
954 532 1477 601 κατεσκευασμένας·
1525 534 1661 587 ὥστε
1708 541 1771 604 τῇ
1811 530 1861 602 γ’

185 618 419 690 ἀληθείᾳ
458 628 677 672 σκοπῶν
727 620 796 671 ἄν
845 639 925 682 τις
974 620 1127 687 εὕροι
1179 622 1272 684 τὰς
1322 622 1574 685 τοιαύτας
1611 624 1869 691 τριήρεις,

185 707 285 778 οὐχ
323 704 460 776 ὑπὲρ
499 707 675 776 ὑμῶν,
715 707 853 761 ἀλλὰ
901 708 1026 761 καθ’
1076 708 1230 778 ὑμῶν
1272 708 1708 773 ἐκπεπλευκυίας.
1769 711 1867 763 τὸν

185 794 288 865 γὰρ
326 791 465 864 ὑπὲρ
504 802 597 863 τῆς
634 797 843 858 πόλεως
890 799 1250 867 τριήραρχον,
1296 798 1398 851 οὐκ
1445 797 1550 852 ἀπὸ
1598 807 1708 852 τῶν
1756 817 1868 851 κοι-

183 891 298 936 νῶν
334 884 652 953 προσδοκᾶν
699 886 800 954 χρὴ
849 888 1204 954 πλουτήσειν,
1250 883 1369 938 ἀλλ’
1416 885 1520 940 άπὸ
1561 896 1670 939 τῶν
1709 887 1869 939 ἰδίων

183 970 250 1024 τὰ
300 978 396 1039 τῆς
453 974 664 1034 πόλεως
726 971 1174 1042 ἐπανορθώσειν,
1236 979 1384 1043 εἴπερ
1449 977 1600 1027 ἔσται
1653 995 1705 1028 τι
1759 983 1869 1026 τῶν

183 1060 424 1112 δεόντων
461 1058 610 1128 ὑμῖν.
681 1061 892 1113 τούτων
940 1056 999 1113 δὲ
1046 1059 1307 1114 τάναντία
1359 1062 1580 1125 ἕκαστος
1619 1061 1873 1131 ἐγνωκὼς

183 1145 388 1200 ἐκπλεῖ·
427 1145 518 1200 καὶ
567 1148 671 1217 γάρ
721 1168 805 1201 τοι
856 1148 920 1201 τὰ
970 1158 1081 1202 τῶν
1131 1149 1313 1203 αὑτῶν
1366 1152 1583 1217 τρόπων
1634 1148 1871 1220 ἁμαρτή-

121 1248 160 1284 15
184 1254 325 1304 ματα
363 1245 480 1298 ταῖς
509 1236 794 1305 ὑμετέραις
831 1237 1062 1305 βλάβαις
1101 1236 1557 1306 ἐπανορθοῦνται.
1619 1236 1708 1291 καὶ
1747 1239 1871 1292 τού-

183 1342 294 1377 των
335 1321 502 1377 οὐδέν
542 1321 652 1377 ἐστ’
699 1325 919 1392 ἄλογον.
983 1325 1253 1378 δεδώκατε
1303 1326 1405 1394 γὰρ
1453 1335 1566 1388 τοῖς
1605 1326 1866 1395 βουλομέ-

184 1432 301 1475 νοις
325 1411 556 1480 ἀδικεῖν,
588 1411 683 1465 ἐὰν
708 1408 810 1480 μὲν
834 1413 1106 1481 λάθωσιν,
1140 1415 1301 1483 ἔχειν,
1336 1413 1432 1466 ἐὰν
1464 1411 1523 1467 δὲ
1559 1419 1871 1483 ληφθῶσιν,

185 1500 511 1570 συγγνώμης
558 1509 771 1570 τυχεῖν·
829 1509 942 1563 τοῖς
1000 1497 1103 1554 οὖν
1154 1501 1452 1570 ἠμεληκόσι
1504 1502 1666 1571 δόξης
1715 1503 1872 1556 ἄδεια

182 1597 364 1642 ποιεῖν
410 1587 441 1641 ὅ
487 1607 539 1641 τι
585 1587 655 1641 ἄν
700 1588 1012 1657 βούλωνται
1061 1588 1304 1657 γέγονεν.
1375 1599 1485 1642 τῶν
1532 1587 1633 1659 μὲν
1680 1595 1872 1644 τοίνυν

185 1677 423 1749 ἰδιωτῶν
472 1677 601 1738 τοὺς
653 1676 786 1745 μετὰ
846 1685 946 1730 τοῦ
1010 1682 1213 1730 παθεῖν
1267 1678 1652 1747 μανθάνοντας
1705 1678 1872 1747 ἀπρο-

184 1762 449 1826 σκέπτους
499 1764 860 1832 ὀνομάζομεν·
920 1764 1060 1832 ὑμᾶς
1111 1760 1183 1833 δ’,
1242 1766 1440 1828 οἵτινες
1490 1763 1621 1819 οὐδὲ
1670 1785 1871 1821 πεπον-

182 1841 348 1915 θότες
387 1852 670 1918 [πολλάκις
699 1853 828 1921 ἤδη]
861 1853 1227 1921 φυλάττεσθε,
1266 1856 1322 1906 τί
1356 1874 1436 1917 τις
1468 1853 1746 1908 καλέσειεν
1776 1857 1871 1919 «im

123 1955 162 1989 ω
284 1938 471 2004 ’Ἁξιον
520 1943 712 1993 τοίνυν
763 1938 853 1992 καὶ
903 1939 1026 2010 περὶ
1077 1950 1187 1994 τῶν
1238 1945 1644 2011 συνειρηκότων
1683 1945 1872 1997 εἰπεῖν.

184 2028 329 2083 οὕτω
378 2029 484 2098 γὰρ
535 2027 804 2096 ἡγοῦνταί
847 2048 990 2091 τινες
1045 2028 1298 2093 ἐξουσίαν
1350 2027 1490 2083 εἶναι
1542 2035 1732 2099 σφίσιν
1781 2030 1872 2085 καὶ

183 2125 363 2171 ποιεῖν
417 2115 448 2170 ὅ
502 2136 554 2169 τι
608 2117 905 2185 βούλονται
958 2115 1050 2170 καὶ
1105 2116 1285 2185 λέγειν
1340 2116 1466 2187 παρ’
1521 2119 1681 2188 ὑμῖν,
1735 2121 1871 2174 ὥστε

184 2213 294 2258 τῶν
340 2205 461 2257 τότε
508 2206 1069 2274 συγκατηγορούντων
1124 2204 1236 2274 μετ’
1287 2203 1744 2278 Ἀριστοφῶντος,
1780 2207 1871 2262 καὶ

184 2301 396 2361 πικρῶν
435 2293 613 2345 ὄντων
651 2302 765 2354 τοῖς
803 2296 1180 2361 μεμισθωκόσι
1220 2295 1313 2357 τὰς
1351 2299 1727 2365 τριηραρχίας,
1765 2304 1872 2350 νῦν

186 2381 479 2434 κελεύουσί
511 2399 656 2443 τινες
694 2381 923 2443 τούτους
962 2391 1334 2450 στεφανῶσαι,
1374 2381 1470 2436 ,καὶ
1511 2384 1671 2437 δυοῖν
1709 2384 1845 2438 θάτε

186 2488 288 2539 ρον
327 2466 663 2538 ἐξελε’γχουσ’
712 2468 929 2536 αὑτούς,
967 2468 1000 2537 ἢ
1039 2466 1149 2522 τότ’
1188 2469 1432 2533 ἐκείνους
1471 2470 1671 2534 ἀδίκως
1710 2487 1871 2527 συκο-

186 2565 548 2626 φαντοῦντες,
598 2556 630 2626 ἢ
678 2564 784 2610 νῦν
830 2554 1002 2610 τοῖσδ’
1050 2556 1136 2610 ἐπὶ
1183 2563 1366 2630 μισθῷ
1418 2568 1870 2629 συνηγοροῦντες.

122 2659 162 2691 1⁷
187 2642 276 2697 καὶ
314 2645 647 2714 χαρίσασθαι
684 2646 1005 2697 κελεύουσιν
1043 2645 1201 2714 ὑμᾶς,
1241 2646 1420 2716 ὥσπερ
1460 2646 1583 2715 περὶ
1624 2649 1871 2718 δωρειᾶς,

187 2728 305 2785 ἀλλ’
358 2731 426 2786 οὐ
475 2731 599 2801 περὶ
649 2736 979 2802 νικητηρίων
1038 2743 1146 2786 τῶν
1204 2737 1385 2801 λόγων
1443 2737 1646 2804 ὄντων,
1696 2736 1729 2805 ἣ
1779 2735 1867 2790 καὶ
1893 2756 2001 2794 1233

148 2818 348 2889 ,χάριν
397 2820 705 2888 τιθεμένων
765 2822 856 2874 διὰ
914 2831 1022 2874 τῶν
1078 2823 1345 2876 τοιούτων
1402 2832 1514 2885 τοῖς
1570 2822 1866 2892 ἀμελοῦσιν

187 2905 370 2975 ὑμῶν,
417 2905 541 2960 ἀλλ’
589 2908 656 2962 οὐ
704 2909 794 2962 διὰ
840 2917 951 2961 τῶν
996 2912 1296 2979 βελτιόνων
1340 2919 1453 2973 τοῖς
1498 2910 1863 2981 ὑπηρετοῦσιν
