2035 3158
174 160 247 211 94
662 159 815 202 XLVI.
858 126 1366 215 [ΔΗΜΟΣΘΕΝΟΤΣ]

176 298 378 360 μίωνος
416 294 624 345 πολλοί
637 307 649 319 ·
703 292 811 359 ἅμα
858 286 904 342 τ’
950 291 1092 351 εἰκός
1136 288 1252 343 ἐστι
1300 290 1428 350 τοὺς
1475 287 1855 358 ἐγχειροῦντας

177 380 240 432 τά
279 380 458 447 ψευδῆ
497 388 824 449 μαρτυρεῖν,
862 376 951 430 καὶ
990 378 1090 445 τὴν
1130 373 1679 445 ἀπολογιάνῇεὐθέως
1716 372 1855 444 ὑπὲρ

133 486 152 504 ⁹
178 466 359 520 αὐτῶν
390 470 634 536 μελετᾶν.
698 465 780 518 ὅτι
807 464 855 518 δ’
889 465 948 518 ἐν
980 464 1223 536 τοσούτῳ
1257 465 1402 536 λόγῳ
1434 463 1684 531 οὐδαμοῦ
1720 463 1855 531 μάρο

176 574 342 622 τυρας
372 551 665 623 παρέσχεθ’
704 553 855 622 ὑμῖν,
894 553 966 615 ὡς
997 552 1030 621 ἢ
1064 549 1427 623 διατιθεμένῳ
1466 558 1538 622 τῷ
1579 548 1742 618 πατρὶ
1778 556 1855 621 τῷ

178 641 288 713 ἐμῷ
321 639 647 711 παρεγένετό
677 658 785 694 που
817 640 978 702 αὐτὸς
1011 641 1211 707 ταύτην
1245 640 1343 708 τὴν
1385 641 1680 706 διαθήκην,
1719 635 1847 691 ὥστ’

177 727 382 782 εἰδέναι
435 726 598 782 ταῦθ’
643 728 726 781 ὅτι
781 725 1070 795 ἀντίγραφ’
1119 727 1266 780 ἐστὶν
1321 722 1399 779 ὧν
1446 727 1475 781 ὁ
1522 727 1698 795 πατήρ
1747 745 1854 794 μου

179 815 426 886 διέθετο,
464 816 498 886 ἢ
537 813 800 886 ἀνοιχθὲν
838 812 950 869 εἶδε
991 818 1050 869 τὸ
1091 824 1458 884 γραμματεῖον
1499 815 1528 868 ὅ
1566 827 1701 884 φασι
1740 814 1856 866 δια·
1892 855 1901 860 μ

178 903 418 973 θέμενον
466 904 677 958 ἐκεῖνον
717 908 1058 971 καταλιπεῖν,
1110 911 1277 956 ταῦτα
1316 898 1714 972 συμμέμνησθέ
1736 921 1856 971 μοι.

135 1009 154 1038 3
181 992 316 1046 ἀλλὰ
371 993 480 1062 μὴν
532 992 690 1046 ὁπότε
742 993 1153 1061 μεμαρτύρηκεν
1205 988 1495 1061 ἀντίγραφ’
1552 986 1694 1043 εἶναι
1747 998 1858 1051 τῶν

181 1082 465 1149 διαθηκῶν
515 1089 625 1133 τῶν
678 1083 970 1141 Πασίωνος
1023 1080 1086 1132 τὰ
1139 1078 1198 1132 ἐν
1251 1086 1325 1151 τῷ
1378 1081 1723 1150 γραμματείῳ
1771 1094 1853 1146 γε·

180 1167 482 1238 γραμμένα,
521 1169 614 1230 τὰς
646 1164 706 1221 δὲ
741 1170 1009 1236 διαθήκας
1048 1169 1119 1236 μὴ
1161 1170 1266 1238 ἔχει
1308 1165 1568 1230 ἐπιδεῖξαι
1608 1162 1741 1234 μήθ’
1786 1166 1860 1227 ὡς

181 1258 210 1311 ὁ
249 1258 424 1326 πατὴρ
457 1252 671 1309 διέθεθ’
709 1255 881 1324 ἡμῶν,
921 1253 1055 1324 μήθ’
1099 1257 1170 1318 ὡς
1209 1255 1371 1318 αὐτὸς
1409 1251 1518 1308 εἶδε
1558 1254 1859 1329 παραγενό-

181 1364 343 1413 μενος
388 1344 555 1407 αὐτὰς
601 1342 987 1412 διατιθεμένου
1037 1352 1136 1397 τοῦ
1174 1346 1405 1413 πατρός,
1453 1352 1566 1405 πῶς
1605 1341 1673 1395 οὐ
1709 1358 1858 1411 περι-

181 1442 369 1503 φανῶς
408 1429 568 1494 οὗτος
607 1430 935 1501 ἐξελέγχεται
975 1432 1038 1484 τὰ
1078 1432 1254 1500 ψευδῆ
1295 1431 1739 1500 μεμαρτυρηκώς;

294 1523 366 1573 Ec
413 1523 604 1573 τοίνυν
654 1522 956 1589 πρόκλησίν
1007 1534 1176 1588 φησιν
1223 1515 1364 1572 εἶναι
1411 1516 1501 1571 καὶ
1546 1519 1618 1586 μὴ
1657 1537 1858 1622 μαρτυ-

183 1613 338 1678 ρίαν,
384 1608 484 1662 οὐκ
531 1607 712 1677 ἀληθῆ
761 1606 918 1675 λέγει.
997 1609 1207 1660 ἅπαντα
1249 1607 1351 1676 γὰρ
1393 1607 1494 1660 ὅσα
1532 1605 1859 1676 παρέχονται

182 1700 259 1761 εἰς
298 1699 358 1751 τὸ
392 1697 745 1765 δικαστήριον
776 1696 1213 1764 προκαλούμενοι
1254 1694 1523 1763 ἀλλήλους
1563 1713 1628 1747 οι
1655 1693 2022 1749 ἀντίδι-1130

182 1806 300 1855 κοι,
351 1785 442 1838 διὰ
492 1787 789 1853 μαρτυρίας
833 1781 1175 1853 παρέχονται.
1253 1782 1320 1836 οὐ
1368 1783 1470 1850 γὰρ
1518 1781 1586 1836 ἂν
1625 1780 1853 1850 εἰδειῃηθ

182 1871 337 1942 ὑμεῖς
383 1871 475 1926 εἴτ’
525 1870 671 1925 ἐστὶν
719 1871 900 1941 ἀληθῆ
949 1877 1052 1923 εἴτε
1094 1872 1269 1939 ψευδῆ
1309 1872 1342 1923 ἅ
1381 1885 1563 1940 φασιν
1600 1868 1861 1939 ἑκάτεροι,

183 1963 235 2014 εἰ
271 1964 342 2029 μή
383 1980 463 2023 τις
512 1957 601 2012 καὶ
640 1961 765 2021 τοὺς
809 1959 1084 2027 μάρτυρας
1125 1956 1427 2028 παρέχοιτο.
1492 1957 1623 2010 ὅταν
1664 1954 1724 2020 δὲ
1762 1977 1861 2010 πα-

185 2049 466 2119 ράσχηται,
484 2050 695 2110 τούτοις
720 2048 1067 2108 πιστεύοντες
1090 2046 1372 2108 ὑποδίκοις
1397 2041 1541 2113 οὖσι,
1558 2049 1861 2114 ψηφίζεσθε

186 2137 245 2190 ἐκ
275 2147 383 2189 τῶν
417 2134 726 2204 λεγομένων
759 2133 848 2188 καὶ
880 2131 1343 2203 μαρτυρουμένων
1383 2132 1416 2186 ἃ
1457 2133 1524 2185 ἂν
1556 2134 1704 2201 ὑμῖν
1727 2135 1860 2203 δοκῇ

141 2241 162 2272 5
188 2227 368 2278 δίκαια
407 2221 562 2277 εἶναι.
633 2225 902 2292 βούλομαι
943 2225 1133 2276 τοίνυν
1173 2219 1262 2274 καὶ
1302 2223 1400 2289 τὴν
1440 2224 1745 2291 μαρτυρίαν
1783 2220 1863 2285 ἐξ·

185 2311 416 2380 ελέγξαι,
456 2313 537 2365 ὅτι
579 2311 645 2364 οὐ
676 2313 974 2381 πρόκλησίς
1007 2309 1140 2377 ἐστι,
1178 2307 1266 2362 καὶ
1308 2310 1379 2372 ὡς
1419 2312 1527 2362 ἔδει
1568 2319 1864 2379 μαρτυρεῖν

186 2401 415 2468 αυτούς,
454 2405 605 2469 εἴπερ
647 2399 890 2467 ἐγίγνετο
929 2398 962 2467 ἡ
1001 2401 1315 2467 πρόκλησις,
1354 2398 1426 2460 ὡς
1465 2397 1566 2451 οὐκ
1605 2397 1863 2465 ἐγίγνετο.

188 2490 551 2559 ’μαρτυροῦσι
603 2497 854 2556 παρεῖναι
907 2489 1041 2556 πρὸς
1087 2494 1160 2557 τῷ
1211 2488 1456 2555 διαιτητῇ
1512 2489 1728 2558 Τεισίᾳ,
1776 2486 1864 2539 ὅτε

186 2576 546 2645 προύκαλεῖτο
578 2580 837 2645 Φορμίων
871 2574 1288 2643 Ἀπολλόδωρον
1321 2574 1565 2641 ἀνοίγειν
1604 2576 1664 2628 τὸ
1696 2594 1864 2644 γραμ-

188 2675 430 2734 ματεῖον,
463 2665 491 2717 ὃ
522 2674 778 2734 παρεῖχεν
804 2661 1030 2732 Ἀμφίας
1063 2663 1091 2716 ὁ
1123 2665 1555 2732 Κηφισοφῶντος
1585 2664 1866 2732 κηδεστής,

184 2751 601 2822 Ἀπολλόδωρον
642 2750 689 2804 δ’
739 2751 838 2805 οὐκ
879 2750 1093 2804 ἐθέλειν
1134 2750 1412 2819 ἀνοίγειν.’”
1477 2751 1618 2804 οὕτω
1658 2749 1758 2821 μὲν
1796 2751 1866 2806 ἂν

189 2849 591 2910 μαρτυροῦντες
624 2839 854 2893 ἐδόκουν
887 2838 1066 2908 ἀληθῆ
1099 2848 1416 2908 μαρτυρεῖν·
1457 2838 1765 2910 ἀντίγραφα
1804 2840 1864 2893 δὲ

189 2939 298 2982 τῶν
348 2930 630 2997 διαθηκῶν
680 2937 785 2980 τῶν
837 2931 1128 2990 Πασίωνος
1173 2936 1468 2996 μαρτυρεῖν
1515 2913 1655 2982 εἶναι
1702 2929 1766 2982 τὰ
1805 2927 1866 2982 ἐν
