2035 3158
177 711 611 780 ,παρεγράψατο
648 714 911 779 Φορμίων
950 713 1085 779 πρός
1124 729 1187 779 με
1227 711 1300 779 μὴ
1341 713 1705 780 εἰσαγώγιμον
1743 707 1904 772 εἶναι,

147 815 200 845 ⁴ss

149 1694 201 1724 42

221 142 297 192 80
742 141 876 185 XLV.
902 151 904 153 “
922 140 1385 183 ΔΗΜΟΣΘΕΝΟΤΣ

223 276 402 342 ψευδῆ
453 274 876 343 μεμαρτυρηκὼς
925 270 1113 326 οὑτοσὶ
1166 270 1477 341 Στέφανος,
1527 270 1800 339 ἀλλὰκαὶ
1847 271 1902 335 ἐξ

225 356 304 414 ὧν
354 359 600 431 πεποίηχ’
661 361 689 415 ὁ
739 362 1153 430 παρασχόμενος
1202 360 1403 429 αὐτόν,
1452 359 1515 413 τὰ
1564 355 1896 429 πεπραγμέν’

226 448 414 521 ἐκείνῳ
469 448 738 517 βούλομαι
800 449 935 515 πρὸς
988 447 1129 515 ὑμᾶς
1188 448 1374 500 εἰπεῖν.
1451 447 1582 516 ὅπερ
1637 445 1686 501 δ’
1746 443 1903 500 εἷπον
1978 482 2018 502 ;,

224 535 524 604 ἀρχόμενος
569 544 666 589 τοῦ
715 538 908 603 λόγου,
956 534 1117 598 δείξω
1166 538 1500 603 κατηγόρους
1545 533 1905 604 γιγνομένους

223 622 423 686 αὐτοὺς
455 621 678 676 ἑαυτῶν.
733 625 832 690 τὴν
865 624 968 690 γὰρ
999 623 1176 690 δίκην,
1211 622 1270 676 ἐν
1296 618 1329 693 ᾖ
1355 621 1502 676 ταῦτ’
1535 622 1906 691 ἐμαρτυρήθη,

224 799 296 860 ὡς
334 796 567 866 ἀφέντος
606 798 740 867 ἐμοῦ
790 808 897 851 τῶν
946 797 1296 867 ἐγκλημάτων
1343 798 1527 851 αὐτόν.
1593 806 1758 853 τοῦτο
1788 801 2001 851 ‘coi-ut

221 906 328 938 νυν
379 885 485 953 ἐγὼ
537 882 638 954 μὲν
689 882 812 939 οἷὸα
862 887 1066 950 ψεῦδος
1117 887 1209 953 ὄν,
1257 884 1346 938 καὶ
1398 884 1596 954 ἐλέγξω
1647 882 1723 954 δ’,
1770 884 1904 938 ὅταν
1990 877 2011 895 ‘

224 975 374 1026 είσίω
414 974 550 1043 πρὸς
587 974 714 1035 τοὺς
754 981 921 1026 ταῦτα
959 975 1455 1042 μεμαρτυρηκότας·
1495 974 1669 1046 τούτῳ
1709 970 1759 1027 δ’
1804 971 1903 1043 οὐχ

224 1054 345 1115 οἶόν
396 1080 451 1114 τε
502 1058 647 1115 τοῦτ’
705 1063 893 1114 εἰπεῖν.
977 1063 1029 1114 εἰ
1079 1064 1270 1114 τοίνυν
1333 1060 1515 1130 ἀληθῆ
1569 1060 1898 1115 πιστεύσαιτ’

223 1145 366 1202 εἶναι
407 1150 506 1218 τὴν
546 1150 763 1218 ἄφεσιν,
810 1148 953 1202 οὕτω
1001 1146 1090 1201 καὶ
1136 1145 1349 1217 μάλιστ’
1395 1147 1463 1201 ἂν
1511 1144 1670 1212 οὗτος
1707 1152 1904 1218 φανείη

224 1238 401 1306 ψευδῆ
455 1238 879 1306 μεμαρτυρηκὼς
936 1234 1025 1289 καὶ
1083 1236 1581 1305 κατεσκευασμένης
1639 1238 1907 1306 διαθήκης

221 1325 429 1395 μάρτυς
468 1325 720 1393 γεγονώς.
782 1328 862 1387 τίς
901 1325 1004 1392 γὰρ
1055 1324 1226 1386 οὕτως
1272 1325 1491 1393 ἄφρων,
1539 1322 1662 1377 ὥστ’
1709 1325 1905 1394 ἄφεσιν

221 1410 325 1481 μὲν
364 1412 616 1467 ἐναντίον
655 1413 949 1482 μαρτύρων
996 1414 1361 1480 ποιήσασθαι,
1408 1419 1505 1466 τοῦ
1544 1415 1772 1481 βεβαίαν
1809 1412 1905 1466 αὐ-

223 1509 296 1571 τῷ
350 1502 448 1570 τὴν
498 1501 818 1570 ἀπαλλαγὴν
871 1497 1040 1568 εἶναι,
1100 1502 1191 1563 τὰς
1242 1498 1300 1553 δὲ
1352 1503 1634 1570 συνθήκας
1679 1499 1767 1554 καὶ
1810 1501 1906 1564 τὰς

226 1590 492 1658 διαθήκας
545 1588 632 1642 καὶ
693 1586 868 1657 τᾶλλ’,
924 1585 1060 1658 ὑπὲρ
1117 1584 1194 1641 ὧν
1250 1588 1481 1642 ἐποιεῖτο
1535 1589 1635 1657 τὴν
1688 1590 1905 1658 ἄφεσιν,

226 1676 587 1747 σεσημασμέν’
636 1677 789 1731 ἐᾶσαι
830 1676 958 1731 καθ’
1004 1677 1174 1731 αὑτοῦ
1222 1684 1464 1741 κεῖσθαι;
1505 1677 1709 1731 οὐκοῦν
1748 1676 1904 1731 ἐναν-

224 1769 308 1819 τία
370 1763 470 1834 μὲν
532 1765 564 1835 ἡ
626 1767 955 1835 παραγραφὴ
1018 1773 1149 1818 πᾶσι
1213 1775 1326 1829 τοῖς
1385 1764 1905 1835 μεμαρτυρημένοις,

225 1854 445 1908 ἐναντία
484 1852 559 1923 δ’,
599 1854 667 1923 ἣν
709 1853 956 1922 ἀνέγνων
998 1854 1129 1922 ὑμῖν
1169 1855 1310 1920 ἄρτι,
1349 1857 1638 1923 μίσθωσις,
1676 1854 1803 1923 τῇδε
1841 1860 1904 1930 τῇ

225 1944 485 2013 διαθήκῃ·
542 1939 707 1996 οὐδὲν
764 1938 821 1994 δὲ
878 1951 987 1994 τῶν
1047 1939 1443 2010 πεπραγμένων
1498 1937 1612 1995 οὔτ’
1672 1941 1906 2008 εὔλογον

224 2024 353 2083 οὔθ’
383 2029 595 2083 ἁπλοῦν
628 2025 755 2082 οὔθ’
789 2028 1236 2097 ὁμολογούμενον
1270 2027 1401 2081 αὐτὸ
1436 2026 1606 2098 ἑαυτῷ
1641 2030 1905 2094 φαίνεται.

223 2117 280 2170 ἐκ
321 2114 383 2171 δὲ
422 2118 620 2171 τούτου
670 2125 768 2171 τοῦ
816 2119 1022 2185 τρόπου
1068 2116 1243 2169 πάντα
1291 2114 1639 2183 πεπλασμένα
1687 2113 1776 2168 καὶ
1813 2135 1903 2169 κα-

223 2201 601 2274 τεσκευασμέν’
650 2204 937 2274 ἐλέγχεται.

324 2291 416 2357 Ὡς
468 2291 569 2362 μὲν
623 2296 813 2346 τοίνυν
871 2291 1019 2345 ἐστὶν
1082 2291 1262 2361 ἀληθῆ
1318 2294 1382 2346 τὰ
1436 2290 1906 2362 μεμαρτυρημένα,

223 2378 338 2434 οὔτ’
386 2380 554 2435 αὐτὸν
595 2389 791 2434 τοῦτον
833 2378 948 2434 οὔτ’
995 2381 1166 2434 ἄλλον
1199 2376 1335 2448 ὑπὲρ
1369 2381 1567 2434 τούτου
1600 2380 1770 2444 δεῖξαι
1809 2381 1905 2433 δυ-

222 2472 493 2537 νήσεσθαι
536 2471 746 2537 νομίζω.
811 2468 992 2523 ἀκούω
1041 2466 1090 2522 δ’
1138 2468 1307 2522 αὐτὸν
1354 2471 1606 2522 τοιοῦτόν
1655 2488 1706 2521 τι
1744 2485 1905 2537 παρε-

224 2557 527 2610 σκευάσθαι
584 2555 791 2625 λέγειν,
845 2557 917 2619 ὡς
970 2557 1317 2626 προκλήσεώς
1371 2555 1519 2609 ἐστιν
1572 2555 1906 2624 ὑπεύθυνος,

225 2642 349 2714 οὐχὶ
387 2648 710 2714 μαρτυρίας,
759 2641 844 2696 καὶ
895 2646 1054 2697 δυοῖν
1094 2645 1240 2716 αὐτῷ
1281 2645 1542 2712 προσήκει
1582 2644 1777 2697 δοῦναι
1817 2646 1905 2697 λό-

225 2751 346 2800 γον,
393 2734 462 2785 οὐ
507 2732 730 2785 πάντων
776 2741 884 2784 τῶν
931 2729 1348 2801 γεγραμμένων,
1395 2735 1499 2784 εἴτε
1545 2730 1904 2799 προύκαλεῖτό

224 2838 289 2888 με
345 2827 513 2873 ταῦτα
563 2823 826 2888 Φορμίων
866 2819 898 2888 ἢ
938 2822 1037 2889 μή,
1092 2817 1180 2872 καὶ
1234 2820 1287 2871 εί
1336 2820 1409 2888 μὴ
1465 2817 1730 2888 ἐδεχόμην
1776 2817 1903 2887 ἐγώ·

222 2915 394 2961 ταῦτα
442 2904 544 2976 μὲν
595 2908 696 2976 γὰρ
749 2905 930 2970 ἁπλῶς
987 2907 1150 2970 αὐτὸς
1204 2904 1674 2975 μεμαρτυρηκέναι
1723 2907 1906 2976 φήσει,
