2035 3158
718 109 881 150 ΠΡΟΣ
910 108 1241 150 ΤΙΜΟΘΕΟΝ.
1719 106 1811 158 151

58 228 60 230 Ι
140 235 184 314 ᾧ
215 240 318 296 οὐκ
347 239 632 296 ἀκόλουθα
663 249 812 294 ποιεῖ
845 240 911 294 τὰ
943 242 1076 308 ἔργα
1107 244 1262 294 νυνί·
1303 243 1403 310 ἔφη
1445 241 1568 309 γὰρ,
1606 238 1710 293 κᾶν
1747 241 1820 308 μὴ

139 329 275 400 τύχῃ
307 323 386 382 ὧν
417 328 592 383 ἐδεῖτο
631 337 730 382 τοῦ
762 330 981 396 πατρός,
1021 328 1122 382 οὐκ
1163 327 1601 398 ὀργισθήσεσθαι
1641 328 1822 395 ὥσπερ

139 416 210 470 ἂν
240 417 405 481 ἄλλος
435 436 518 481 τις
547 415 856 486 ἀποτυχών,
889 413 1006 468 ἀλλ’
1046 411 1124 468 ὧν
1156 415 1301 488 αὐτῷ
1339 415 1592 484 δεηθέντι
1623 413 1822 484 ὑπηρέ·

138 523 286 574 τηκε,
316 505 547 572 τούτων,
578 505 648 558 ἄν
671 523 800 558 ποτε
827 504 1076 572 δύνηται,
1102 504 1263 573 χάριν
1288 502 1612 557 ἀποδώσειν.
1660 502 1822 556 ἀκού-

140 607 238 656 σας
276 589 328 645 δ’
373 592 403 647 6
441 592 617 661 πατὴρ
668 591 697 646 6
738 591 870 660 ἐμὸς
910 599 1108 659 ταῦτα,
1161 593 1308 661 ἥσθη
1356 611 1412 644 τε
1459 601 1573 655 τοῖς
1621 594 1823 660 λόγοις,

138 678 230 734 καὶ
276 676 464 751 ἐπῄνει
510 688 709 734 τοῦτον
761 679 843 732 ὅτι
894 678 1157 748 μέμνηται
1205 676 1267 732 εὖ
1316 681 1543 747 παθών,
1592 678 1682 733 καὶ
1721 679 1824 732 ὅσα

73 767 312 822 καύτοῦ
361 767 536 822 ἐδεῖτο
583 766 845 838 ὑπέσχετο
896 770 1162 836 ποιήσειν.
1225 766 1315 820 καὶ
1356 763 1514 831 οὗτος
1553 764 1654 837 μὲν
1691 767 1823 837 μετὰ

138 864 307 910 ταῦτα
336 856 437 925 τὴν
469 854 764 925 ἀναγωγὴν
797 855 1032 909 ἐποιεῖτο
1068 856 1139 917 ὡς
1171 858 1299 918 τοὺς
1332 858 1667 925 στρατηγοὺς
1697 857 1824 917 τοὺς

137 941 433 1014 βασιλέως,
485 943 514 998 ὁ
556 940 616 996 δὲ
659 944 981 1011 Φιλώνδας,
1037 938 1078 1014 ᾧ
1131 942 1428 1012 συνέστησε
1477 946 1574 997 τὸν
1619 942 1823 1011 πατέρα

139 1033 235 1087 τὸν
273 1030 427 1101 ἐμόν,
467 1031 691 1085 ἐπειδὰν
732 1030 989 1101 ἀφίκηται
1029 1032 1179 1098 ἄγων
1218 1032 1282 1083 τὰ
1322 1031 1476 1099 ξύλα,
1514 1033 1574 1085 τὸ
1614 1035 1823 1085 ναῦλον

136 1129 469 1190 παρασχεῖν,
508 1121 586 1183 είς
625 1121 724 1189 τὴν
764 1121 1124 1172 Μακεδονίαν
1163 1121 1264 1187 τὴν
1305 1124 1532 1187 πορείαν
1572 1118 1821 1173 ἐποιεῖτο.

136 1206 228 1262 καὶ
267 1204 421 1262 οὗτοι
467 1208 525 1261 οἱ
566 1210 757 1278 χρόνοι
803 1204 944 1275 ἦσαν
989 1205 1113 1275 περὶ
1152 1212 1511 1276 θαργηλιῶνα
1550 1216 1695 1276 μῆνα
1735 1205 1813 1261 ἐπ’

72 1293 378 1350 ωἈστείου
410 1296 690 1366 ἄρχοντος.
751 1303 826 1367 τῷ
861 1293 909 1348 δ’
951 1294 1161 1368 ὑστέρῳ
1202 1298 1307 1348 ἔτει
1348 1295 1684 1365 ἀφικομένου
1723 1304 1823 1350 τοῦ

139 1385 434 1438 Φιλώνδου
475 1384 534 1438 ἐκ
572 1393 665 1453 τῆς
704 1385 1058 1445 Μακεδονίας
1096 1385 1328 1452 ἄγοντος
1376 1386 1439 1437 τὰ
1480 1384 1640 1450 ξύλα,
1690 1384 1822 1437 ἀπο-

138 1474 444 1542 δημοῦντος
481 1473 679 1526 τούτου
718 1472 863 1539 παρὰ
903 1475 1134 1540 βασιλεῖ,
1173 1471 1262 1525 καὶ
1302 1476 1709 1541 προσελθόντος
1747 1480 1819 1545 τῷ

136 1559 298 1629 πατρὶ
343 1568 417 1632 τῷ
467 1559 576 1633 ἐμῷ
625 1557 715 1613 καὶ
762 1561 1083 1622 κελεύοντος
1129 1562 1189 1614 τὸ
1237 1565 1446 1615 ναῦλον
1493 1571 1602 1614 τῶν
1641 1562 1830 1625 ξύλων

137 1658 457 1719 παρασχεῖν,
489 1649 580 1701 ἵνα
614 1649 847 1718 διαλύσῃ
880 1651 977 1701 τὸν
1010 1649 1343 1717 ναύκληρον,
1383 1650 1631 1719 καθάπερ
1665 1645 1824 1713 οὗτος

139 1737 341 1805 ἐδεήθη
397 1736 484 1788 ὅτε
549 1735 755 1799 ἐξέπλει
810 1744 909 1789 τοῦ
973 1737 1177 1805 πατρὸς
1231 1734 1320 1788 καὶ
1377 1738 1673 1806 συνέστησε
1727 1740 1823 1791 τὸν

139 1826 462 1892 Φιλώνδαν,
508 1825 875 1892 προσαγαγὼν
922 1826 1058 1893 πρὸς
1103 1825 1202 1892 τὴν
1254 1825 1520 1893 τράπεζαν
1560 1825 1588 1880 ὁ
1628 1828 1824 1895 πατήρ,

138 1911 385 1968 ἐκέλευσε
419 1914 615 1966 δοῦναι
655 1914 750 1966 τὸν
787 1916 1086 1980 Φορμίωνα
1125 1914 1185 1965 τὸ
1226 1917 1434 1965 ναῦλον
1476 1924 1585 1966 τῶν
1625 1914 1823 1978 ξύλων,

69 2003 313 2073 ωχιλίας
343 1999 667 2063 ἑπτακοσίας
697 2003 1049 2069 πεντήκοντα.
1111 1998 1201 2053 καὶ
1242 2001 1515 2070 ἠρίθμησε
1555 2003 1616 2056 τὸ
1655 2004 1822 2071 ἀργύ-

137 2110 260 2161 ριον
299 2089 328 2144 6
371 2092 657 2158 Φορμίων·
705 2087 796 2142 καὶ
843 2089 1116 2157 ἐγράψατο
1164 2086 1265 2158 μὲν
1314 2089 1606 2158 ὀφείλοντα
1661 2093 1821 2159 Τιμό-
1843 2102 1952 2142 1193

135 2183 296 2231 θεον·
337 2172 523 2247 (οὗτος
561 2177 665 2245 γὰρ
702 2174 772 2246 ἦν
813 2177 842 2231 6
884 2176 1103 2245 δεηθεὶς
1142 2185 1240 2230 τοῦ
1280 2179 1483 2246 πατρὸς
1520 2188 1821 2248 παρασχεῖν

98 2267 198 2320 ,τὸ
237 2268 446 2318 ναῦλον
491 2274 600 2318 τῶν
641 2265 848 2333 ξύλων,
895 2263 984 2318 καὶ
1032 2266 1231 2318 τούτου
1271 2262 1386 2334 ἦν’)
1428 2266 1725 2335 ὑπόμνημα
1765 2264 1812 2320 δ’

122 2352 486 2422 ’ἀπεγράψατο
520 2355 620 2422 τήν
651 2371 707 2406 τε
744 2357 933 2423 χρείαν
972 2355 1048 2417 εἰς
1087 2354 1156 2422 ἣν
1197 2353 1413 2422 ἐλήφθη
1452 2357 1512 2407 τὸ
1553 2353 1821 2423 ἀργύριον

136 2438 228 2495 καὶ
274 2442 334 2494 τὸ
382 2441 558 2510 ὄνομα
604 2449 704 2495 τοῦ
751 2444 1030 2511 λαβόντος.
1093 2441 1183 2495 καὶ
1232 2438 1392 2505 οὗτος
1439 2442 1467 2496 6
1517 2445 1713 2512 χρόνος
1752 2439 1821 2511 ἦν

131 2525 523 2592 Ἀλκισθένους
576 2530 870 2598 ἄρχοντος,
924 2530 954 2584 6
1002 2530 1229 2599 ὕστερος
1285 2529 1532 2592 ἐνιαυτὸς
1578 2530 1610 2598 ἢ
1663 2526 1822 2594 οὗτος

33 2623 38 2627 ’
71 2634 113 2667 ιι
139 2603 370 2687 ἀνήᾷἐτο
418 2618 491 2680 ὡς
535 2616 777 2686 βασιλέα.
855 2617 961 2671 ὑπὸ
1003 2614 1064 2670 δὲ
1102 2619 1199 2671 τὸν
1248 2617 1416 2679 αὐτὸν
1455 2621 1660 2687 χρόνον
1697 2627 1821 2673 τοῦ·

136 2723 234 2757 τον
272 2703 364 2759 καὶ
411 2703 753 2774 Τιμοσθένης
793 2705 821 2759 ὁ
864 2707 1148 2774 Αἰγιλιεὺς
1194 2705 1527 2774 ἀφικνεῖται,
1566 2704 1685 2759 κατ’
1733 2707 1821 2775 ἐμε

135 2794 337 2862 πορίαν
384 2795 533 2846 ἰδίαν
580 2791 893 2862 ἀποδημῶν.
958 2795 1260 2863 ἐπιτήδειος
1307 2791 1368 2847 δὲ
1417 2794 1493 2846 ὢν
1536 2797 1821 2863 Φορμίωνι

135 2878 227 2934 καὶ
265 2882 533 2945 κοινωνὸς
562 2881 592 2936 ὁ
633 2880 996 2952 Τιμοσθένης,
1036 2880 1113 2936 ὅτ’
1155 2881 1381 2951 ἐξέπλει,
1421 2883 1651 2936 δίδωσιν
1690 2881 1822 2936 ἀπο-
