2035 3158
613 155 772 197 RATA
804 154 977 197 OATM
986 154 1312 197 ηιοεεεΡοΤ.
1695 149 1792 203 131

117 283 197 342 ὧν
234 285 483 343 κατέλιπε
523 289 750 358 Κόμων,
789 285 880 341 καὶ
917 287 1087 341 τᾶλλα
1124 286 1301 340 πάντα
1339 294 1495 356 κοινῇ
1538 288 1804 354 ζητήσειν,

118 374 209 429 καὶ
246 375 474 445 πράξειν
520 372 632 444 μετ’
686 373 940 445 ἀλλήλων
987 375 1384 444 βουλευόμενοι
1431 373 1460 427 ὅ
1505 394 1557 427 τι
1603 373 1673 427 ἂν
1719 370 1804 426 ἀεὶ

0 485 1 489 ’
54 479 96 511 10
120 462 231 535 δέῃ.
293 463 639 533 ὑπενοοῦμεν
687 463 790 533 γὰρ
839 457 881 515 ὦ
929 463 1126 530 ἄνδρες
1173 460 1422 515 δικασταὶ
1464 461 1615 530 ἥξειν
1653 462 1806 523 τινὰς
1823 475 1942 516 11ῖο

120 550 654 621 ἀμφισβητήσοντας
679 560 798 604 τῶν·
825 559 929 605 ,τοῦ
969 553 1236 620 Κόμωνος
1274 549 1364 603 καὶ
1404 547 1643 625 ἑτέρους·
1684 541 1806 602 οἷον

119 637 208 693 καὶ
248 638 278 694 ὁ
325 637 452 708 ἐμὸς
497 637 735 708 ἀδελφὸς
773 629 1197 708 ὁδὸμοπάτριος,
1245 637 1574 707 ὁμομήτριος
1622 634 1671 690 δ’
1718 637 1809 704 οὔ,

120 726 181 790 ὃς
217 724 502 795 ἀπεδήμει,
552 724 643 780 καὶ
690 728 743 780 εἰ
780 727 848 796 δή
899 746 981 789 τις
1029 728 1194 789 ἄλλος
1243 723 1486 796 ἐβούλετ’
1532 724 1806 794 ἀμφισβη-

120 823 264 883 τεῖν,
313 813 415 868 οὐκ
467 810 538 884 ἦν
588 815 721 885 ἡμῖν
771 815 1028 869 κωλύειν·
1069 815 1129 870 oc
1169 815 1273 885 γὰρ
1320 816 1482 883 νόμοι
1520 814 1806 867 κελεύουσι

117 903 215 957 τὸν
264 904 608 972 βουλόμενον
659 902 1039 972 ἀμφισβητεῖν.
1115 911 1284 956 ταῦτα
1335 902 1404 971 δὴ
1453 902 1630 955 πάντα
1674 919 1806 971 προ-

121 991 415 1060 νοούμενοι
456 990 775 1062 ἐγράψαμεν
824 991 920 1054 τὰς
959 989 1256 1060 συνθήκας*
1288 989 1379 1044 καὶ
1428 991 1627 1061 ὅρκους
1665 989 1808 1058 ὠμό-

121 1085 324 1148 σαμεν,
373 1078 520 1142 ὅπως
570 1077 640 1132 ἂν
691 1077 825 1148 μήθ’
881 1077 1060 1133 ἑκόντι
1109 1082 1240 1148 μήτε
1291 1081 1479 1132 ἄκοντι
1530 1077 1807 1151 μηδετέρῳ

121 1166 341 1232 ἐξουσία
378 1166 535 1236 ἡμῶν
574 1166 796 1236 γένηται
845 1164 972 1236 μηδ’
1018 1167 1206 1222 ὁτιοῦν
1255 1169 1369 1239 ἰδίᾳ
1406 1167 1631 1237 πρᾶξαι,
1670 1165 1808 1219 ἀλλὰ

122 1262 280 1326 κοινῇ
327 1258 724 1324 βουλευόμενοι
780 1253 908 1324 μεθ’
955 1254 1111 1324 ἡμῶν
1157 1254 1338 1309 αὐτῶν
1385 1256 1598 1309 ἅπαντα
1642 1255 1808 1324 πράτ-

56 1359 97 1391 11
121 1363 316 1414 τωμεν.
378 1341 469 1397 καὶ
507 1343 786 1413 μάρτυρας
832 1343 1207 1413 ἐποιησάμεθα
1252 1343 1374 1414 περὶ
1416 1345 1626 1397 τούτων
1664 1353 1808 1408 πρῶ·

121 1452 218 1486 τον
255 1428 358 1501 μὲν
397 1433 525 1494 τοὺς
561 1433 732 1493 θεοὺς
771 1432 868 1495 οὓς
912 1431 1202 1502 ὠμόσαμεν
1240 1430 1516 1502 ἀλλήλοις,
1554 1429 1644 1484 καὶ
1681 1433 1811 1493 τοὺς

123 1522 362 1583 οἰκείους
407 1520 537 1582 τοὺς
564 1518 878 1627 ἡμετέρους
923 1520 1136 1589 αὐτῶν,
1185 1517 1346 1574 ἔπειτ’
1386 1518 1811 1589 Ἀνδροκλείδην

117 1595 406 1679 Ἀχαρνέα,
450 1605 578 1677 παρ’
624 1602 668 1680 ᾧ
718 1607 1061 1677 κατεθέμεθα
1108 1609 1201 1670 τὰς
1248 1611 1543 1678 συνθήκας.
1612 1609 1810 1677 βούλο-

122 1716 219 1766 μαι
257 1691 362 1750 οὖν
401 1691 442 1766 ὦ
484 1697 686 1763 άνδρες
726 1695 976 1749 δικασταὶ
1024 1698 1121 1749 τόν
1167 1715 1222 1749 τε
1263 1699 1436 1766 νόμον
1476 1695 1811 1765 ἀναγνῶναι,

122 1781 251 1838 καθ’
299 1782 365 1836 ὃν
402 1764 497 1845 τὰς
536 1786 822 1852 συνθήκας
868 1782 1183 1853 ἐγράψαμεν
1232 1785 1367 1853 πρὸς
1409 1784 1547 1853 ἡμᾶς
1593 1784 1811 1853 αὐτούς,

123 1869 215 1926 καὶ
266 1873 573 1941 μαρτυρίαν
623 1879 722 1924 τοῦ
773 1872 992 1940 ἔχοντος
1042 1872 1137 1934 τὰς
1186 1873 1485 1940 συνθήκας.
1555 1870 1676 1940 λέγε
1717 1874 1813 1925 τὸν

124 1961 298 2029 νόμον
331 1968 565 2027 πρῶτον.

858 2048 1082 2089 ΝΟΜΟΣ.

226 2132 630 2204 Ἀναγίγνωσκε
679 2136 747 2204 δὴ
796 2135 884 2189 καὶ
942 2137 1042 2205 τὴν
1092 2139 1399 2205 μαρτυρίαν
1445 2137 1545 2205 τὴν
1588 2134 1812 2204 Ἀνδρο-

123 2224 362 2277 κλείδου.

806 2312 1121 2353 MAPTTPIA.

60 2415 100 2446 12
227 2396 449 2467 Ἐπειδὴ
503 2396 552 2452 δ’
615 2397 904 2468 ὠμόσαμεν
965 2399 1223 2469 ἀλλήλοις
1283 2399 1374 2453 καὶ
1429 2402 1490 2453 αι’
1536 2406 1811 2469 συνθῆκαι

125 2483 266 2556 ἦσαν
303 2490 545 2555 κείμεναι
577 2488 722 2555 παρὰ
762 2495 836 2558 τῷ
866 2484 1275 2560 Ἀνδροκλείδῃ,
1315 2490 1522 2542 διεῖλον
1565 2488 1668 2556 ἐγὼ
1710 2490 1812 2542 δύο

125 2576 348 2645 μερίδας
387 2571 430 2628 ὦ
470 2576 668 2643 ἄνδρες
708 2576 972 2628 δικασταί.
1033 2575 1124 2629 καὶ
1157 2576 1190 2644 ἡ
1226 2573 1326 2645 μὲν
1360 2574 1512 2646 ἑτέρα
1551 2572 1622 2644 ἦν
1661 2576 1814 2646 μερὶς

125 2663 158 2731 ἡ
199 2665 363 2730 οἰκία,
403 2663 462 2717 ἐν
503 2658 536 2734 ᾗ
578 2661 705 2734 ᾤκει
754 2663 915 2726 αὐτὸς
962 2663 991 2717 ὁ
1040 2666 1275 2733 Κόμων,
1323 2663 1412 2717 καὶ
1460 2663 1814 2733 τάνδράποδα

127 2751 186 2804 οἷ
218 2752 620 2821 σακχυφάνται,
657 2751 691 2820 ἡ
734 2749 783 2804 δ’
831 2749 984 2819 ἑτέρα
1032 2749 1102 2821 ἦν
1149 2750 1302 2822 μερὶς
1349 2754 1492 2805 οἰκία
1533 2750 1684 2821 ἑτέρα
1724 2753 1813 2806 καὶ

126 2837 480 2908 τάνδράποδα
521 2839 579 2892 οἶ
612 2841 1066 2909 φαρμακοτρίβαι.
1136 2839 1404 2908 ἀργύριον
1447 2838 1496 2892 δ’
1544 2846 1600 2893 εἴ
1631 2861 1682 2893 τι
1720 2861 1812 2894 κα-

127 2925 343 2980 τέλιπεν
382 2926 411 2981 ὁ
453 2928 658 2995 Κόμων
708 2928 953 2997 φανερὸν
1005 2925 1091 2980 ἐπὶ
1143 2934 1207 2997 τῇ
1258 2927 1486 2999 τραπέζῃ
1537 2934 1600 2997 τῇ
1644 2926 1809 2994 ‘Hpoc-
1832 2945 1937 2985 1171

1478 3015 1541 3057 98
