2035 3158
817 0 834 86 ἰ

820 87 836 127 2.
1333 108 1355 111 ,,

215 174 284 223 14
703 160 843 216 me.
891 168 1397 228 [ΔΗΜΟΣΘΕΝΟΤΣ]
1950 166 1987 181 ‘²

211 312 386 375 ληται,
426 303 586 374 οὐχ’ὄ
618 324 669 356 τι
708 303 767 356 οί
799 305 959 371 νόμοι
998 301 1333 354 κελεύουσιν.
1397 299 1515 369 λέγε
1555 301 1648 363 τάς
1684 320 1883 370 μαρτυ-

211 397 350 463 ριάς,
388 401 606 462 πρῶτον
645 387 744 460 μὲν
785 390 878 452 τὰς
922 386 1047 458 περὶ
1092 396 1191 442 τοῦ
1237 388 1535 457 μετάλλου,
1579 390 1760 441 ἔπειτα
1795 387 1886 441 καὶ

210 481 304 543 τὰς
342 481 521 543 ἄλλας.

1922 542 1945 556 ⁴-

879 564 1216 607 ΜΑΡΤΎΡΙΑῙ

146 672 186 699 ¹0
312 654 375 708 Ἀ
413 652 514 724 μὲν
551 657 742 708 τοίνυν
774 652 945 720 εὐθὺς
984 660 1048 722 τῇ
1088 653 1272 723 πρώτῃ
1305 651 1477 724 ἡμέρᾳ
1509 642 1638 722 μετα
1670 652 1763 716 τὰς
1793 651 1888 706 ἀν’

210 744 445 805 τιδόσεις
493 741 693 811 ἤρξατό
751 759 815 810 με
871 743 1179 801 Φαίνιππος
1229 738 1470 808 ἀδικεῖν,
1531 738 1786 809 ἀκηκόατ’
1843 735 1946 794 ὧν

211 832 407 900 ἄνδρες
438 827 726 897 Ἀθηναῖοι
765 827 855 881 καὶ
896 827 1030 896 ἐμοῦ
1069 826 1159 880 καὶ
1198 837 1308 880 τῶν
1347 828 1789 896 μαρτύρων.τὰ
1828 825 1889 881 δὲ

211 919 342 986 μετὰ
396 926 563 971 ταῦτα
616 913 931 985 γεγενημέν’
993 912 1171 969 οὐκέτ’
1232 917 1309 978 εἰς
1370 912 1461 983 ἐμὲ
1515 918 1689 984 μόνον
1742 912 1887 987 αὐτῷ

212 1006 537 1075 ἡμάρτηται,
584 1003 722 1057 ἀλλὰ
768 1002 854 1056 καὶ
898 1006 974 1065 εἰς
1012 1005 1139 1065 τοὺς
1176 1005 1406 1071 νόμους,
1457 999 1594 1068 ὑπὲρ
1643 997 1720 1056 ὧν
1757 1002 1890 1073 ὑμῖν

149 1111 181 1138 11
213 1096 378 1148 ἅπασι
431 1090 803 1146 σπουδαστέον
855 1090 1017 1143 ἐστίν.
1092 1091 1293 1159 ὀμόσας
1350 1090 1452 1159 γὰρ
1509 1098 1573 1160 τῇ
1632 1090 1992 1163 ἑνδεκάτῃιο4

213 1191 310 1236 τοῦ
349 1183 760 1251 βοηδρομιῶνος
799 1172 985 1247 μηνὸς
1015 1178 1319 1247 ἀποφανεῖν
1368 1178 1551 1248 ὀρθῶς
1588 1177 1679 1231 καὶ
1717 1180 1891 1233 δικαί·

214 1291 286 1333 ως
323 1271 422 1338 τὴν
462 1269 684 1336 οὐσίαν,
722 1274 820 1319 τοῦ
860 1269 1035 1334 νόμου
1084 1267 1388 1334 διαρρήδην
1435 1264 1688 1333 λέγοντος
1724 1266 1891 1336 τριῶν

216 1358 430 1427 ἡμερῶν
463 1353 556 1425 ἀφ’
595 1351 657 1423 ἧς
689 1354 757 1407 ἂν
790 1353 964 1424 ὀμόσῃ
1000 1355 1217 1406 διδόναι
1249 1355 1348 1422 τὴν
1381 1352 1678 1423 ἀπόφασιν,
1715 1354 1894 1410 ἐδεῖτό

213 1466 320 1512 μου
352 1445 679 1514 προσελθὼν
711 1444 816 1510 πρὸ
850 1451 958 1494 τῶν
992 1443 1356 1510 δικαστηρίων
1381 1443 1512 1511 μετὰ
1538 1444 1891 1513 Πολυεύκτου
1957 1430 1973 1446 ⁰

213 1543 310 1588 τοῦ
345 1532 601 1603 Κριωέως
639 1529 728 1583 καὶ
762 1528 960 1598 ἑτέρων
994 1539 1177 1597 τινῶν,
1217 1539 1433 1596 πρῶτον
1474 1527 1574 1599 μὲν
1611 1530 1735 1601 περὶ
1775 1533 1911 1586 δια--

215 1624 421 1683 λύσεως
476 1624 769 1673 συνελθεῖν
825 1618 994 1689 αὑτῷ·
1050 1619 1225 1671 πάντα
1288 1618 1390 1687 γάρ
1446 1637 1538 1687 μοι
1591 1620 1656 1672 τὰ
1710 1621 1893 1674 δίκαια

214 1711 482 1777 ποιήσειν·
536 1710 715 1760 ἔπειτα
765 1707 864 1774 τὴν
925 1705 1203 1774 ἀπόφασιν
1253 1714 1344 1772 τῆς
1395 1705 1582 1768 οὐσίας
1630 1706 1893 1777 ἀναβαλέ-

216 1804 348 1850 σθαι
391 1798 462 1865 μὴ
503 1795 706 1856 πολλὰς
737 1792 959 1863 ἡμέρας·
1001 1794 1067 1846 οὐ
1106 1794 1209 1863 γὰρ
1250 1792 1472 1861 ἀγνοεῖν
1511 1815 1618 1863 μου
1656 1796 1720 1849 τὰ
1758 1797 1892 1866 πρά-

153 1900 190 1929 12
219 1905 405 1954 γματα.
470 1882 809 1952 ἡγησάμενος
843 1879 896 1934 δ’
936 1882 1040 1949 ἐγὼ
1072 1879 1162 1933 καὶ
1187 1884 1409 1949 μετρίου
1434 1879 1523 1934 καὶ
1548 1881 1895 1952 ἀπράγμονος

216 1970 355 2026 εἶναι
397 1974 642 2038 πολίτου,
683 1970 754 2037 μὴ
796 1969 966 2030 εὐθὺς
1010 1967 1097 2020 ἐπὶ
1145 1969 1387 2037 κεφαλὴν
1428 1970 1503 2031 εἰς
1542 1970 1602 2022 τὸ
1643 1971 1892 2035 δικαστή·
2010 1982 2028 2018 1

217 2080 339 2129 ριον
379 2060 639 2128 βαδίζειν,
680 2056 943 2124 ἐπείσθην
978 2056 1055 2108 (τί
1083 2056 1185 2123 γὰρ
1221 2056 1306 2107 δεῖ
1342 2056 1755 2126 μακρολογεῖν;)
1795 2059 1893 2128 τὴν
2021 1961 2035 2128 λ

217 2146 317 2216 μὲν
358 2147 599 2200 σύνοδον
637 2147 736 2213 τὴν
776 2143 899 2211 περὶ
949 2154 1056 2197 τῶν
1107 2144 1412 2196 διαλύσεων
1452 2151 1514 2213 τῇ
1555 2144 1724 2215 ὀγδόῃ
1762 2151 1894 2216 φθί-

220 2256 410 2297 νοντος
457 2242 553 2287 τοῦ
601 2233 1014 2302 βοηδρομιῶνος
1068 2233 1238 2301 μηνὸς
1292 2232 1625 2300 ὁμολογῆσαι
1670 2235 1895 2303 ποιήσοι·

218 2324 507 2395 σθαιγτὴν
549 2319 601 2373 δ’
647 2320 924 2390 ἀπόφασιν
964 2328 1057 2388 τῆς
1089 2320 1277 2380 οὐσίας
1317 2327 1378 2389 τῇ
1419 2319 1542 2390 ἕκτῃ
1581 2323 1896 2396 φθίνοντος.

217 2413 395 2481 τυχὼν
444 2407 503 2463 δὲ
557 2411 767 2463 τούτων
826 2407 1151 2477 ἀμφοτέρων
1205 2406 1330 2475 παρ’
1388 2407 1522 2476 ἐμοῦ
1572 2412 1897 2478 Φαίνιππος,

218 2496 337 2552 οὐδ’
396 2500 472 2560 εἰς
523 2498 709 2565 ἑτέραν
760 2506 868 2548 τῶν
920 2496 1136 2565 ἡμερῶν
1187 2494 1518 2564 ἀπήντησεν·
1578 2494 1699 2549 ἀλλ’
1755 2496 1889 2552 ἀνθ’
2019 2511 2035 2583 3

221 2587 340 2649 ἑνὸς
393 2587 494 2639 δύο
546 2589 749 2654 νόμους
799 2585 915 2652 ἥκει
966 2586 1100 2652 πρὸς
1149 2583 1288 2652 ὑμᾶς
1337 2585 1752 2654 παραβεβηκώς,
1800 2585 1897 2639 ἕνα
2012 2584 2035 2873 j

2021 2874 2035 2935 Ξ

2015 2938 2035 3158 ἰ

220 2672 319 2743 μὲν
370 2676 465 2727 τὸν
516 2673 807 2726 κελεύοντα
859 2681 1024 2740 τριῶν
1074 2671 1290 2741 ἡμερῶν
1342 2669 1434 2735 ἀφ’
1493 2667 1555 2740 ἧς
1604 2671 1672 2725 ἂν
1724 2672 1896 2744 ὀμόσῃ

220 2764 319 2830 τὴν
361 2761 554 2815 οὐσίαν
595 2760 949 2830 ἀποφαίνειν,
996 2759 1182 2829 ἕτερον
1230 2757 1289 2813 δὲ
1336 2762 1432 2813 τὸν
1475 2761 1765 2815 κελεύοντα
1802 2782 1895 2816 κυ-

221 2853 340 2919 ρίας
380 2846 519 2902 εἶναι
559 2850 652 2911 τὰς
690 2850 824 2918 πρὸς
863 2847 1131 2916 ἀλλήλους
1171 2848 1486 2916 ὁμολογίας,
1533 2847 1595 2910 ἃς
1633 2848 1702 2902 ἂν
1741 2848 1896 2903 ἐναν-

157 2954 194 2984 123
220 2941 337 2990 τίον
395 2940 729 3006 ποιήσωνται
789 2937 1094 3005 μαρτύρων.
1177 2939 1350 2990 καίτοι
1401 2932 1443 2988 ὦ
1494 2938 1691 3006 ἄνδρες
1746 2938 1895 2990 δικα-
