2035 3158
424 185 580 226 ΚΑΤΑ
613 185 823 226 ΕΤΕΡΓ.
857 185 959 225 KAI
989 185 1237 225 ΜΝΗΣΙΒ.
1271 183 1455 224 amm.
1680 179 1783 229 113

98 319 302 385 πότερα
340 315 708 386 νενεμημένος
754 322 836 385 εἴη
883 319 1018 386 πρὸς
1063 318 1159 369 τὸν
1199 314 1442 383 ἀδελφὸν
1481 314 1513 382 ἢ
1554 315 1710 380 κοινὴ
1750 311 1783 380 ἡ

31 422 75 455 35
100 403 258 459 οὐσία
297 410 380 473 εἴη
421 405 621 467 αὐτοῖς.
684 402 1125 473 ἀποκριναμένου
1166 403 1232 456 δέ
1267 423 1358 471 μοι
1392 401 1660 472 Εὐέργου,
1702 401 1784 454 ὄτι

29 512 33 515 ’
99 491 464 562 νενεμημένος
501 498 584 561 εἴη
624 491 714 545 καὶ
763 490 927 562 χωρὶς
976 494 1149 560 οἰκοίη
1192 492 1220 545 ὁ
1263 493 1577 560 Θεόφημος,
1624 489 1787 550 αὐτὸς

101 577 161 633 δὲ
206 582 353 651 παρὰ
402 589 475 652 τῷ
524 584 714 649 πατρί,
743 583 1076 649 ’πυθόμενος
1123 576 1189 633 οὗ
1237 578 1364 651 ᾤκει
1409 579 1436 632 ὁ
1479 581 1786 647 Θεόφημος,

101 669 286 737 λαβὼν
323 670 469 738 παρὰ
509 677 603 738 τῆς
633 667 801 739 ἀρχῆς
831 667 1108 738 ὑπηρέτην
1141 664 1320 736 ἦλθον
1354 665 1440 720 ε’πὶ
1471 667 1572 735 τὴν
1606 668 1787 720 οἰκίαν

99 765 198 810 τοῦ
239 758 549 826 Θεοφήμου.
619 757 942 825 καταλαβὼν
983 753 1043 809 δὲ
1084 755 1252 809 αὐτὸν
1292 755 1392 808 οὐκ
1432 756 1596 808 ἔνδον
1637 756 1787 820 ὄντα,

99 842 356 897 ἐκέλευσα
403 846 503 913 τὴν
551 846 853 914 ἄνθρωπον
900 845 999 913 τὴν
1053 844 1446 897 ὑπακούσασαν
1500 847 1788 912 μετελθεῖν

99 931 268 985 αὐτὸν
323 932 461 991 ὅπου
525 938 634 1001 εἴη,
698 932 901 1000 ταύτην
963 932 1032 999 ἣν
1095 935 1572 1001 μεμαρτυρήκασιν
1636 927 1788 984 οὗτοι

99 1019 546 1089 προκαλέσασθαι
608 1023 705 1074 τὸν
769 1023 1063 1089 Θεόφημον
1124 1022 1498 1088 παραδοῦναι,
1561 1018 1664 1088 ἐγὼ
1729 1015 1789 1070 δὲ
1807 1031 1920 1070 1150

101 1107 327 1172 ἐξαιτῶν
379 1109 446 1163 οὐ
498 1109 739 1177 δύναμαι
789 1111 1146 1176 παραλαβεῖν,
1197 1106 1270 1160 ἵν’
1316 1108 1471 1176 ὑμεῖς
1519 1109 1621 1176 τὴν
1662 1106 1790 1181 ἀλή-

35 1213 78 1246 ³6
101 1203 264 1250 θειαν
303 1198 592 1266 πύθησθε,
631 1196 891 1263 ὁπότερος
930 1193 1054 1264 ἦρξε
1098 1205 1294 1265 χειρῶν
1336 1194 1556 1247 ἀδίκων.
1618 1195 1689 1256 ὡς
1730 1191 1790 1247 δὲ

102 1285 411 1354 ἀφικνεῖται
445 1286 473 1339 ὁ
509 1288 798 1354 Θεόφημος
829 1286 1199 1353 μετελθούσης
1240 1283 1407 1337 αὐτὸν
1439 1290 1533 1350 τῆς
1572 1281 1792 1350 ἀνθρώ-

101 1392 229 1441 που,
262 1371 509 1445 ἀπῄτουν
542 1374 710 1427 αὐτὸν
742 1375 802 1426 τὸ
836 1373 1151 1443 διάγραμμα
1193 1382 1303 1425 τῶν
1344 1380 1574 1438 σκευῶν,
1615 1369 1791 1438 λέγων

104 1463 187 1515 ὅτι
226 1463 331 1531 ἤδη
370 1460 495 1529 περὶ
534 1461 827 1529 ἀναγωγὴν
869 1465 1014 1529 εἵην,
1061 1459 1149 1513 καὶ
1199 1460 1482 1513 ἐδείκνυον
1523 1461 1583 1512 τὸ
1623 1461 1792 1528 ψήφι-

103 1566 212 1620 σμα
249 1558 343 1618 τῆς
381 1553 600 1619 βουλῆς.
664 1550 736 1612 ὡς
776 1546 835 1602 δὲ
874 1549 1043 1602 ταῦτά
1083 1569 1189 1616 μου
1232 1545 1487 1615 λέγοντος
1526 1547 1626 1600 οὐκ
1666 1546 1792 1599 ἀπε-

104 1640 296 1707 δίδου,
358 1635 477 1691 ἀλλ’
538 1638 747 1706 ἠπείλει
808 1635 898 1690 καὶ
961 1637 1324 1704 ἐλοιδορεῖτο,
1387 1634 1641 1688 ἐκέλευσα
1696 1636 1792 1687 τὸν

103 1728 272 1780 παῖδα
320 1724 544 1786 καλέσαι
595 1731 652 1779 εἴ
693 1746 846 1787 τινας
899 1727 1008 1778 ἰδοι
1059 1734 1168 1777 τῶν
1218 1727 1458 1777 πολιτῶν
1496 1725 1794 1792 παριόντας

105 1815 165 1868 ἐκ
204 1823 296 1884 τῆς
335 1804 492 1881 ὁδοῦ,
531 1815 624 1866 ἵνα
656 1812 924 1883 μάρτυρές
956 1833 1049 1881 μοι
1082 1818 1273 1881 εἴησαν
1312 1821 1423 1864 τῶν
1463 1809 1793 1879 λεγομένων,

40 1917 80 1949 8⁷
105 1902 196 1957 καὶ
233 1902 425 1972 ἠξίουν
465 1902 632 1955 πάλιν
670 1903 768 1955 τὸν
810 1904 1132 1970 Θεόφημον,
1180 1900 1213 1969 ἢ
1255 1899 1423 1953 αὐτὸν
1462 1898 1795 1952 ἀκολουθεῖν

105 1993 241 2060 πρὸς
271 1992 399 2054 τοὺς
430 1989 764 2052 ἀποστολέας
795 1988 885 2042 καὶ
917 1991 1018 2058 τὴν
1049 1991 1279 2058 βουλήν,
1318 1986 1408 2041 καὶ
1440 1990 1491 2041 εἰ
1520 1989 1592 2056 μή
1625 2001 1796 2056 φησιν

107 2080 368 2148 ὀφείλειν,
410 2077 653 2140 ἐκείνους
691 2080 910 2130 πείθειν
950 2079 1077 2139 τοὺς
1115 2076 1462 2145 παραδόντας
1501 2073 1591 2128 καὶ
1630 2074 1796 2142 ἀναγ-

106 2168 367 2231 κάζοντας
415 2166 785 2235 εἰσπράττειν,
837 2164 869 2233 ἢ
922 2163 1250 2218 ἀποδιδόναι
1301 2165 1365 2216 τὰ
1407 2165 1594 2231 σκεύη·
1647 2165 1697 2216 εἰ
1736 2159 1796 2216 δὲ

109 2257 202 2325 μὴ,
242 2252 473 2324 ἐνέχυρα
521 2256 659 2324 ἔφην
707 2255 981 2321 λήψεσθαι
1029 2254 1163 2305 κατά
1202 2271 1257 2305 τε
1297 2253 1425 2314 τοὺς
1463 2254 1668 2319 νόμους
1707 2249 1796 2304 καὶ

108 2346 172 2397 τὰ
210 2345 544 2412 ψηφίσματα.
610 2338 776 2395 οὐδὲν
809 2338 858 2394 δ’
899 2339 1191 2403 ἐθέλοντος
1222 2340 1393 2393 αὐτοῦ
1425 2349 1534 2392 τῶν
1569 2341 1797 2392 δικαίων

109 2440 314 2498 ποιεῖν,
363 2426 502 2499 ἦγον
552 2431 650 2498 τὴν
702 2431 1002 2498 ἄνθρωπον
1057 2427 1347 2497 ἑστηκυῖαν
1398 2426 1485 2481 ε’πὶ
1525 2435 1588 2498 τῇ
1628 2429 1796 2498 θύρα,

44 2534 87 2565 ⁸8
110 2520 211 2589 τὴν
248 2523 626 2589 μετελθοῦσαν
660 2518 844 2570 αὐτόν.
907 2516 997 2570 καὶ
1030 2517 1059 2571 ὁ
1095 2519 1384 2587 Θεόφημός
1415 2535 1478 2584 με
1514 2514 1797 2585 ἀφῃρεῖτο,

86 2606 199 2660 [καὶ
239 2606 343 2675 ἐγὼ
383 2607 484 2675 τὴν
522 2603 623 2675 μὲν
663 2606 965 2674 ἄνθρωπον
1005 2604 1214 2674 ἀφῆκα,
1262 2606 1339 2667 εἰς
1379 2601 1439 2657 δὲ
1478 2604 1578 2672 τὴν
1619 2605 1797 2656 οἰκίαν

112 2692 345 2766 εἰσῄειν,
392 2696 484 2747 ἵνα
533 2692 793 2763 ἐνέχυρόν
839 2712 890 2746 τι
939 2693 1159 2761 λάβοιμι
1206 2702 1316 2745 τῶν
1364 2701 1602 2744 σκευῶν·
1644 2693 1796 2760 ἔτυχε

100 2783 215 2852 γὰρ
255 2782 288 2839 ἡ
327 2783 478 2852 θύρα
528 2780 876 2853 ἀνεῳγμένη,
930 2781 1001 2842 ὡς
1050 2776 1226 2849 ἦλθεν
1266 2780 1295 2834 ὁ
1339 2782 1657 2848 Θεόφημος,
1708 2777 1797 2831 καὶ

113 2872 191 2923 ἐτι
243 2872 466 2939 ἔμελλεν·
517 2868 767 2922 εἰσιέναι·
819 2867 908 2921 καὶ
969 2867 1283 2936 ἐπεπύσμην
1343 2868 1508 2921 αὐτὸν
1561 2867 1643 2920 ὅτι
1698 2867 1800 2919 οὐκ

112 2977 196 3026 ειη
222 2961 550 3026 γεγαμηκώς.
613 2959 878 3019 εἰσιόντος
912 2955 977 3009 δέ
1005 2976 1111 3024 μου
1144 2959 1289 3009 παίει
1323 2955 1426 3020 πὺξ
1453 2955 1482 3010 ὁ
1510 2957 1798 3024 Θεόφημος

201 3051 408 3086 Ὡεῐαοετπ,
456 3054 538 3084 Υοῖ.Δ
564 3053 635 3083 111.
1507 3046 1531 3084 S
