2035 3158
149 181 223 232 60
627 181 786 225 XLIV.
821 179 1342 239 [ΔΗΜΟΣΘΕΝΟΤΣ]

149 314 448 378 πιστεύειν;
501 313 532 369 ὁ
572 314 675 383 γὰρ
726 315 788 368 τὸ
837 314 1115 383 θεωρικὸν
1165 311 1368 376 ἀδίκως
1417 312 1650 377 ἀξιώσας
1699 314 1831 380 λαμ-

150 402 345 470 βάνειν
390 399 480 454 καὶ
526 400 649 470 περὶ
695 408 793 455 τοῦ
847 403 1053 471 κλήρου
1099 407 1163 470 τῇ
1211 400 1347 470 αὐτῇ
1395 401 1616 471 διανοίᾳ
1661 399 1832 468 δῆλον

84 504 128 537 39
153 489 236 542 ὅτι
288 485 542 558 κε’χρηται
595 490 738 540 νυνί.
817 485 955 540 ἀλλὰ
1016 486 1125 555 μὴν
1185 485 1275 539 καὶ
1334 488 1432 540 τὸν
1483 486 1723 558 ἄρχοντά
1773 482 1825 555 γ’

153 576 451 644 ἐξηπάτησε
482 575 987 644 παρακαταβάλλων
1017 575 1153 644 πρὸς
1182 573 1322 643 ἡμᾶς
1345 572 1434 628 καὶ
1458 573 1834 645 ἀντεγράψατο

113 678 118 681 ’
147 661 436 733 Ὀτρυνεὺς
473 659 623 716 εἶναι
656 662 714 716 ἐν
739 661 1096 724 Ἐλευσινίοις
1135 663 1584 732 δημοτευόμενος.
1646 661 1833 730 ἐπειδὴ

84 1034 127 1062 «10

86 1649 128 1680 41

152 753 344 805 τοίνυν
382 752 592 804 τούτων
626 751 849 804 πάντων
888 749 1243 820 ἀπετύγχανε,
1281 760 1397 813 ταῖς
1427 751 1836 821 παρελθούσαις

151 838 520 908 ἀρχαιρεσίαις
558 839 777 901 ταύταις
814 838 1364 908 παρασκευασάμενός
1402 859 1554 902 τινας
1589 848 1700 892 τῶν
1739 839 1835 906 δη-

151 935 333 994 μοτῶν
370 926 527 995 ἠξίου
567 922 727 989 οὗτος
767 925 1140 996 ἐγγράφεσθαι
1174 929 1372 995 ποητὸς
1403 927 1521 989 υίὸς
1551 933 1625 999 τῷ
1659 923 1835 997 Ἀρχι-

153 1015 274 1086 άδῃ.
344 1013 744 1083 ἀντιλεγόντων
792 1012 841 1067 δ’
895 1014 1050 1083 ἡμῶν
1096 1012 1186 1067 καὶ
1235 1013 1564 1083 ἀξιούντων,
1612 1014 1835 1068 ἐπειδὰν

151 1111 249 1156 τοῦ
287 1103 496 1170 κλήρου
533 1102 566 1171 ἡ
609 1104 923 1156 διαδικασία
964 1100 1203 1170 γένηται,
1244 1110 1537 1171 τηνικαῦτα
1575 1104 1703 1164 τοὺς
1740 1102 1835 1171 δη-

151 1192 318 1258 μότας
355 1191 455 1258 τὴν
493 1197 683 1259 ψῆφον
722 1189 940 1261 φέρειν,
986 1192 1254 1259 πρότερον
1303 1187 1363 1242 δὲ
1402 1193 1495 1259 μή,
1532 1198 1694 1244 τοῦτο
1733 1187 1835 1259 μὲν

153 1278 490 1347 ἐπείσθησαν
546 1278 613 1331 οὐ
669 1274 743 1332 δι’
803 1277 1027 1344 αὑτούς,
1088 1276 1226 1330 ἀλλά
1283 1278 1375 1329 διὰ
1429 1279 1557 1340 τοὺς
1609 1280 1834 1347 νόμους·

154 1368 339 1420 δεινὸν
386 1367 489 1435 γὰρ
538 1366 715 1420 ἐδόκει
763 1362 901 1419 εἶναι
957 1367 1053 1419 τὸν
1107 1368 1694 1434 παρακαταβεβληκότα
1736 1373 1837 1420 τοῦ

152 1456 359 1524 κλήρου
407 1457 674 1508 εἰσποιεῖν
721 1453 890 1507 αὑτὸν
939 1457 1015 1507 ε”τι
1063 1464 1172 1506 τῶν
1219 1453 1552 1523 πραγμάτων
1598 1453 1843 1524 ἀκρίτων·

153 1544 351 1596 ὄντων·
391 1541 420 1595 ὃ
462 1539 522 1596 δὲ
554 1543 686 1612 μετὰ
719 1551 886 1596 ταῦτα
919 1544 1201 1596 διοικεῖται
1238 1543 1592 1611 Λεώστρατος
1629 1541 1836 1609 οὑτοσί,

153 1639 315 1684 τοῦτο
368 1631 592 1684 πάντων
654 1631 971 1685 δεινότατόν
1026 1629 1190 1684 ἐστιν.
1277 1629 1461 1698 ἐπειδὴ
1517 1632 1620 1700 γὰρ
1675 1629 1839 1693 αὐτὸς

153 1718 488 1788 ἀπετύγχανε
537 1726 637 1772 τοῦ
693 1718 1060 1788 ἐγγραφῆναι,
1115 1719 1349 1771 εἰσποιεῖ
1391 1717 1696 1787 Λεωχάρην
1740 1719 1838 1771 τὸν

155 1806 325 1860 αὑτοῦ
364 1806 490 1860 υἱὸν
525 1803 783 1876 Ἀρχιάδῃ
830 1806 976 1874 παρὰ
1023 1805 1228 1867 πάντας
1273 1807 1401 1868 τοὺς
1446 1808 1671 1875 νόμους,
1707 1802 1838 1875 πρὶν

155 1902 254 1948 τοῦ
294 1896 475 1963 δήμου
513 1895 614 1963 τὴν
654 1895 982 1963 δοκιμασίαν
1030 1892 1317 1961 γενέσθαι,
1364 1892 1466 1947 οὐκ
1512 1891 1838 1962 εἰσηγμένου

157 1980 206 2035 δ’
253 1985 330 2044 είς
367 1985 495 2045 τοὺς
533 1982 806 2052 φράτεράς
843 2000 927 2034 πω
967 1984 1095 2044 τοὺς
1125 1979 1445 2052 Ἀρχιάδου,
1485 1978 1606 2034 ἀλλ’
1652 1980 1838 2049 ἐπειδὴ

158 2070 457 2139 ἐνεγράφη,
504 2079 798 2139 τηνικαῦτα
845 2074 1034 2132 πείσας
1084 2069 1181 2123 ἕνα
1228 2070 1351 2123 τινὰ
1397 2078 1507 2123 τῶν
1552 2067 1839 2139 φρατέρων

159 2157 459 2228 ἐνέγραψεν
506 2161 583 2222 εἰς
629 2160 689 2212 τὸ
736 2159 1067 2229 φρατερικὸν
1121 2167 1502 2228 γραμματεῖον.
1572 2156 1663 2212 καὶ
1708 2157 1839 2226 μετὰ
1858 2174 1969 2213 1093

2011 2265 2035 2351 J

158 2255 324 2301 ταῦτα
341 2254 404 2316 τῇ
425 2248 786 2317 διαμαρτυρία
806 2254 868 2316 τῇ
893 2248 1027 2316 πρὸς
1050 2254 1124 2319 τῷ
1151 2248 1376 2315 ἄρχοντι
1399 2253 1597 2299 τοῦτον
1622 2245 1840 2317 ἐπιγρά-

158 2355 336 2404 φεται,
374 2335 447 2397 ὡς
484 2335 611 2388 υἱὸν
659 2336 791 2387 ὄντα
841 2336 1071 2402 γνήσιον
1117 2342 1217 2388 τοῦ
1263 2336 1704 2403 τετελευτηκότος
1749 2335 1841 2403 ἔτη

157 2423 353 2491 πολλά,
384 2424 482 2476 τὸν
513 2423 705 2492 πρώην
737 2420 827 2475 καὶ
859 2419 990 2492 χθὲς
1022 2420 1376 2492 ἐγγραφέντα.
1430 2421 1520 2475 καὶ
1553 2424 1841 2491 συμβαίνει

159 2510 502 2582 ἀμφοτέρους
541 2510 739 2573 αὐτοὺς
776 2518 870 2579 τῆς
905 2514 1270 2579 κληρονομίας
1303 2510 1685 2580 ἀμφισβητεῖν·
1724 2509 1755 2564 ὅ
1785 2528 1840 2562 τε

161 2602 263 2668 γὰρ
303 2601 659 2668 Λεώστρατος
698 2596 887 2652 οὑτοσὶ
933 2598 1340 2667 παρακατέβαλε
1390 2606 1488 2652 τοῦ
1525 2599 1732 2667 κλήρου
1771 2596 1845 2660 ὡς

159 2688 280 2750 υίὸς
317 2689 542 2756 γνήσιος
583 2683 866 2757 Ἀρχιάδῃ,
913 2686 943 2740 ὅ
989 2706 1044 2739 τε
1084 2687 1379 2756 Λεωχάρης
1425 2683 1613 2739 οὑτοσὶ
1659 2685 1843 2754 διαμε,

161 2776 505 2845 μαρτύρηκεν
556 2775 628 2837 ὡς
675 2775 796 2837 υἱὸς
847 2773 926 2827 ὢν
983 2777 1209 2843 γνήσιος
1257 2783 1356 2828 τοῦ
1406 2772 1575 2827 αὐτοῦ
1624 2775 1845 2844 πατρός,

103 2880 138 2911 ιε
165 2862 452 2934 οὐδέτερος
484 2860 533 2915 δ’
573 2861 753 2915 αὐτῶν
795 2865 969 2931 ζῶντι,
1009 2861 1145 2915 ἀλλά
1177 2863 1577 2930 τετελευτηκότι
1615 2862 1850 2915 εἰσποιεῖ

165 2951 347 3006 αὑτόν.
432 2951 587 3021 ἡμεῖς
650 2949 698 3004 δ’
751 2953 986 3020 οἰόμεθα
1048 2952 1165 3003 δεῖν
1219 2946 1262 3003 ὦ
1317 2949 1515 3016 ἄνδρες
1576 2947 1844 3013 δικασταί,
