2035 3158
208 159 283 210 32
707 159 868 200 xmn.
909 154 1413 214 [ΔΗΜΟΣΘΕΝΟΤΣ]

954 332 1139 374 ΑΑΛΗ.

401 444 659 505 Μαρτυρεῖ
707 437 946 505 συγγενὴς
1007 433 1128 486 εἶναι
1175 435 1254 485 καὶ
1296 437 1486 504 φράτηρ
1539 433 1625 486 καὶ
1672 435 1885 500 δημότης

275 519 448 591 τΑγνίςι
487 521 567 571 καὶ
603 518 908 585 Εὐβουλίδῃ,
948 517 1028 566 καὶ
1069 517 1267 566 ἀκούειν
1306 524 1392 566 τοῦ
1430 515 1608 580 πατρὸς
1646 523 1734 566 τοῦ
1773 515 1885 565 ἕαυ·

287 609 384 651 τῶν
417 601 497 651 καὶ
528 609 624 651 τῶν
656 598 815 649 ἄλλων
848 605 1114 664 συγγενῶν,
1154 597 1226 646 ὅτι
1256 596 1466 660 ἀδελφὸς
1498 595 1662 655 οὐδεὶς
1702 593 1886 662 ε’γένετο

287 680 548 742 Πολέμωνι
593 685 658 750 τῷ
708 678 851 743 πατρὶ
903 683 965 748 τῷ
1003 675 1231 742 Ἁγνίου,
1278 675 1465 740 ἀδελφὴ
1516 671 1561 726 δ’
1619 675 1887 741 ὁμοπατρία

287 761 368 810 καὶ
423 760 688 826 ὁμομητρία
749 760 1014 824 Φυλομάχη
1061 755 1091 820 ή
1139 758 1294 821 μήτηρ
1348 754 1379 820 ἡ
1431 756 1750 821 Εὐβουλίδου
1800 764 1886 806 τοῦ

285 841 466 902 πατρὸς
505 848 590 891 τοῦ
636 840 927 904 Φυλομάχης
965 846 1049 903 τῆς
1090 837 1350 887 Σωσιθέου
1390 839 1635 904 γυναικός.

961 1018 1146 1058 ΑΛΛΗ.

401 1130 665 1191 Μαρτυρεῖ
695 1126 898 1175 πάππον
931 1121 1054 1173 εἶναι
1093 1123 1268 1173 ἑαυτοῦ
1303 1120 1588 1188 Ἀρχίμαχον
1627 1122 1708 1172 καὶ
1746 1124 1889 1187 ποιή·

291 1212 474 1256 σασθαι
511 1205 688 1256 ἑαυτὸν
726 1207 862 1269 υἱόν,
908 1204 988 1253 καὶ
1028 1200 1153 1254 εἶναι
1193 1202 1340 1253 αὐτὸν
1381 1211 1590 1269 συγγενῆ
1631 1202 1889 1267 Πολέμωνι

279 1290 355 1356 ’τῷ
401 1284 542 1350 πατρὶ
589 1288 653 1354 τῷ
691 1281 918 1350 Ἁγνίου,
971 1284 1049 1334 καὶ
1095 1283 1294 1334 ἀκούειν
1329 1279 1620 1350 Ἀρχιμάχου
1668 1283 1749 1333 καὶ
1794 1293 1889 1334 τῶν

234 1361 239 1411 s
289 1365 450 1417 ἄλλων
490 1374 753 1431 συγγενῶν,
794 1365 863 1414 ὅτι
902 1365 1112 1429 ἀδελφὸς
1152 1364 1312 1423 οὐδεὶς
1350 1361 1533 1414 πώποτ’
1571 1362 1754 1430 ἐγένετο
1785 1368 1891 1415 Πο-

262 1448 469 1512 ,λέμωνι
508 1451 572 1516 τῷ
618 1446 761 1510 πατρὶ
808 1450 872 1517 τῷ
902 1443 1125 1513 Ἁγνίου,
1174 1444 1359 1508 ἀδελφὴ
1414 1441 1460 1494 δ’
1503 1443 1773 1511 ὁμοπατρία
1811 1445 1891 1494 καὶ

292 1528 559 1593 ὁμομητρία
602 1527 869 1592 Φυλομάχη
909 1525 939 1591 ή
981 1527 1134 1591 μήτηρ
1167 1524 1198 1591 ἡ
1233 1526 1549 1591 Εὐβουλίδου
1589 1534 1675 1575 τοῦ
1713 1526 1892 1590 πατρὸς

292 1618 378 1659 τοῦ
423 1608 716 1673 Φυλομάχης
754 1615 837 1672 τῆς
875 1606 1138 1657 Σωσιθέου
1177 1606 1421 1673 γυναικός.

962 1789 1146 1831 ΑΛΛΗ.

409 1898 670 1959 Μαρτυρεῖ
694 1895 777 1944 τὸν
808 1893 988 1956 πατέρα
1020 1901 1103 1958 τῆς
1128 1892 1303 1943 ἑαυτοῦ
1335 1892 1567 1959 γυναικὸς
1597 1894 1891 1956 Καλλίστρα-

293 1994 377 2027 τον
425 1975 633 2038 ἀνεψιὸν
681 1970 804 2024 εἶναι
853 1974 903 2023 ἐκ
949 1972 1304 2039 πατραδέλφων
1343 1972 1601 2036 Πολέμωνι
1639 1977 1704 2043 τῷ
1749 1973 1891 2038 πατρὶ

295 2060 360 2126 τῷ
391 2054 590 2122 Ἁγνίου
631 2055 710 2104 καὶ
755 2054 1024 2124 Χαριδήμῳ
1063 2058 1128 2124 τῷ
1166 2055 1308 2117 πατρὶ
1346 2058 1410 2123 τῷ
1455 2053 1768 2117 Θεοπόμπου,
1805 2052 1894 2116 τὴν

297 2135 349 2186 δὲ
396 2135 575 2204 μητέρα
622 2135 710 2199 τὴν
762 2135 938 2185 ἑαυτοῦ
985 2135 1196 2198 ἀνεψιοῦ
1247 2136 1401 2184 παῖδα
1448 2129 1572 2184 εἶναι
1618 2133 1894 2198 Πολέμωνι,

297 2216 376 2267 καὶ
417 2216 568 2283 λέγειν
608 2216 696 2279 τὴν
736 2215 915 2280 μητέρα
947 2214 1034 2279 τὴν
1075 2214 1235 2264 αὑτῶν
1274 2214 1393 2277 πρὸς
1432 2213 1610 2273 αὑτοὺς
1647 2216 1895 2280 πολλάκις,

297 2298 368 2348 ὅτι
412 2299 678 2362 Φυλομάχη
719 2295 750 2361 ἡ
791 2297 945 2361 μήτηρ
986 2294 1016 2360 ἡ
1058 2296 1375 2361 Εὐβουλίδου
1416 2293 1604 2358 ἀδελφὴ
1645 2289 1709 2359 ἦν
1738 2295 1894 2346 Πολέ-

295 2399 460 2443 μωνος
500 2387 584 2429 τοῦ
617 2377 796 2443 πατρὸς
835 2385 921 2427 τοῦ
952 2374 1150 2443 Ἁγνίου
1185 2374 1453 2441 ὁμοπατρία
1489 2374 1572 2426 καὶ
1611 2374 1895 2440 ὁμομητρία,

297 2458 379 2509 καὶ
433 2459 504 2510 ὅτι
558 2458 768 2522 ἀδελφὸς
822 2458 983 2517 οὐδεὶς
1034 2458 1228 2507 πώποτε
1280 2456 1467 2523 γένοιτο
1519 2455 1779 2519 Πολέμωνι
1831 2461 1895 2526 τῷ

297 2540 441 2603 πατρὶ
480 2543 544 2609 τῷ
574 2536 786 2605 Ἁγνίου.

158 2684 201 2716 33
345 2657 417 2708 To
464 2644 730 2725 πρότερον
779 2649 819 2705 ὦ
869 2654 1065 2722 ἄνδρες
1112 2654 1384 2720 δικασταί,
1433 2651 1518 2704 ὅτε
1568 2652 1896 2719 συνώμοσαν

227 2743 483 2809 ἀλλήλοις
522 2738 672 2795 οὗτοι
719 2740 807 2794 καὶ
849 2741 1139 2802 συστάντες
1188 2741 1518 2808 ἠγωνίζοντο
1564 2737 1758 2791 πολλοὶ
1806 2740 1898 2792 ὄν-

226 2850 312 2893 τες
348 2832 485 2901 πρὸς
530 2832 628 2898 τὴν
676 2839 934 2898 γυναῖκα,
980 2828 1132 2897 ἡμεῖς
1178 2826 1280 2897 μὲν
1328 2825 1368 2881 ὦ
1410 2829 1605 2896 ἄνδρες
1651 2826 1893 2880 δικασταὶ

224 2920 353 2971 οὔτε
397 2920 694 2987 μαρτυρίας
740 2916 1050 2985 ἐγράψαμεν
1097 2913 1219 2983 περὶ
1266 2924 1375 2968 τῶν
1423 2913 1899 2983 ὁμολογουμένων,
