2035 3158
208 133 311 184 186
755 134 829 176 LI.
871 132 1335 175 ΔΗΜΟΣΘΕΝΟΤΣ
1389 166 1394 169 .

203 266 376 334 αὐτὴν
413 267 694 334 πρόφασιν
733 267 860 328 τοὺς
897 260 998 333 μὲν
1027 264 1278 318 θανάτου
1314 266 1616 334 κρίναντες,
1651 266 1781 327 τοὺς
1820 262 1879 317 δὲ

137 367 180 399 ¹0
205 353 649 422 στεφανώσαντες
693 361 930 422 φανεῖτε.
998 351 1089 405 καὶ
1136 352 1245 422 μὴν
1293 351 1361 405 οὐ
1407 353 1581 421 μόνον
1625 352 1678 405 εἰ
1719 360 1880 406 τοῦτο

203 442 503 509 ποιήσαιτε,
543 438 744 494 δοκοῖτ’
790 439 859 493 ἂν
899 439 1186 510 ἁμαρτεῖν,
1231 436 1350 492 ἀλλ’
1397 441 1450 493 εἰ
1483 441 1556 509 μὴ
1594 438 1686 493 καὶ
1723 440 1984 495 nolti-123
2011 453 2024 502 ζ

206 542 352 582 σαιτε
406 530 535 591 τοὺς
586 529 651 581 τὰ
704 536 930 582 τοιαῦτα
981 536 1302 596 ποιοῦντας,
1354 529 1582 597 ἔχοντες.
1658 527 1726 582 οὐ
1778 528 1882 597 γὰρ

204 616 429 669 ἐπειδὰν
468 614 663 685 ἐάσητέ
695 635 747 669 τι
783 625 894 668 τῶν
933 614 1210 684 ὑμετέρων
1250 614 1580 684 ἀπολέσθαι,
1624 616 1743 670 τότε
1781 618 1883 686 χρὴ

204 706 573 774 χαλεπαίνειν,
620 700 739 757 ἀλλ’
787 703 847 757 ἐν
887 698 929 775 ᾧ
970 704 1034 756 τὰ
1074 700 1175 772 μὲν
1212 701 1424 772 ὑμέτερ’
1472 702 1583 756 ἐστὶ
1622 713 1754 772 σῶα,
1791 723 1880 756 κα-

201 797 408 861 θορᾶτε
459 788 521 844 δὲ
565 794 694 855 τσὺς
740 791 1100 861 ἐφεστηκότας
1154 789 1226 844 δι’
1272 790 1719 861 αἰσχροκέρδειαν
1763 789 1886 861 οὐχὶ

202 881 593 948 προσήκουσαν
643 882 912 949 πρόνοιαν
968 877 1092 949 περὶ
1151 883 1418 949 σωτηρίας
1467 880 1648 933 αὐτῶν
1696 896 1887 933 ποιου-

206 965 418 1036 μένους.
488 965 578 1020 καὶ
617 966 807 1037 μηδεὶς
844 968 999 1037 ὑμῶν
1040 967 1327 1038 ἐπιτιμήσῃ
1357 974 1431 1038 τῷ
1474 969 1645 1040 λόγῳ,
1688 968 1886 1036 πικρὸν

207 1051 348 1108 εἶναι
397 1059 656 1124 νομίσας,
707 1055 844 1109 ἀλλὰ
894 1064 1008 1118 τοῖς
1055 1057 1116 1109 τὸ
1169 1058 1333 1124 ἔργον
1373 1055 1504 1109 αὐτὸ
1544 1057 1887 1124 πεποιηκόσι·

142 1157 182 1187 11
210 1143 301 1196 διὰ
347 1143 452 1212 γὰρ
498 1144 728 1206 τούτους
775 1145 1023 1205 τοιοῦτός
1072 1141 1236 1196 ἐστιν.
1297 1143 1562 1211 θαυμάζω
1604 1140 1653 1196 δ’
1700 1145 1890 1212 ἔγωγε,

210 1234 265 1284 τί
299 1232 367 1299 δή
406 1249 536 1284 ποτε
575 1241 686 1284 τῶν
725 1228 826 1300 μὲν
865 1241 1084 1284 ναυτῶν
1123 1233 1251 1293 τοὺς
1289 1229 1773 1300 ἀπολειπομένους,
1811 1225 1891 1284 ὧν

209 1319 500 1387 τριάκοντα
555 1320 796 1389 δραχμὰς
857 1319 1080 1382 ἕκαστος
1141 1321 1248 1389 ἔχει
1313 1321 1516 1387 μόνας,
1578 1319 1738 1372 δοῦσι
1801 1317 1891 1371 καὶ

208 1407 534 1472 κολάζουσιν
582 1404 757 1461 οὗτοι·
805 1417 915 1460 τῶν
968 1404 1028 1460 δὲ
1075 1407 1420 1477 τριηράρχων
1464 1408 1594 1469 τοὺς
1637 1407 1710 1475 μὴ
1757 1420 1892 1475 συμ·

205 1493 502 1564 πλέοντας,
554 1490 631 1548 ὧν
685 1496 977 1563 τριάκοντα
1033 1502 1171 1564 μνᾶς
1219 1497 1297 1557 εἰς
1355 1494 1618 1548 ἐπίπλουν
1668 1497 1892 1562 εἴληφεν
2031 1553 2035 1560 ¹

209 1581 452 1650 ἕκαστος,
491 1583 557 1636 οὐ
596 1583 763 1636 ταύτὰ
810 1579 1014 1636 ποιεῖθ’
1060 1582 1235 1652 ὑμεῖς·
1275 1579 1392 1635 ἀλλ’
1441 1581 1535 1634 ἐὰν
1580 1578 1680 1650 μὲν
1726 1579 1893 1650 πένης
2018 1578 2035 1640 Ξ

210 1673 289 1724 ὤν
339 1691 420 1734 τις
470 1669 542 1725 δι’
589 1673 806 1724 ἔνδειαν
857 1669 1099 1741 ἁμάρτῃ,
1149 1680 1262 1733 τοῖς
1317 1669 1560 1740 ἐσχάτοις
1606 1669 1894 1738 ἐπιτιμίοις
2022 1656 2035 1665 ”

211 1758 470 1827 ἐνέξεται,
503 1759 598 1812 ἐὰν
632 1755 692 1812 δὲ
723 1759 986 1820 πλούσιος
1019 1758 1096 1810 ὢν
1135 1754 1208 1810 δι’
1248 1755 1694 1827 αἰσχροκέρδειαν
1723 1756 1893 1810 ταύτὰ

212 1849 432 1917 ποιήσῃ,
472 1847 796 1915 συγγνώμης
826 1845 1091 1910 τεύξεται;
1131 1843 1222 1898 καὶ
1260 1853 1369 1898 ποῦ
1407 1846 1467 1898 τὸ
1505 1844 1711 1907 πάντας
1748 1846 1894 1915 ἔχειν

178 1998 181 1999 ⁷
215 1941 336 1988 ἴσον
375 1933 466 1988 καὶ
505 1936 985 2003 δημοκρατεῖσθαι.
1009 1936 1280 2002 φαίνεται,
1318 1940 1516 1986 τοῦτον
1552 1933 1650 1986 τὸν
1687 1934 1893 2001 τρόπον

149 2038 188 2068 12
217 2022 368 2092 ὑμῶν
421 2031 588 2076 ταῦτα
643 2024 1056 2092 βραβευόντων;
1119 2023 1196 2073 ἔτι
1256 2024 1447 2074 τοίνυν
1507 2022 1688 2089 ἔμοιγε
1742 2021 1894 2074 δοκεῖ

214 2110 432 2164 κάκεῖνο
485 2109 695 2178 ἀλόγως
746 2113 919 2180 ἔχειν,
969 2111 1065 2164 τὸν
1116 2106 1216 2178 μὲν
1268 2110 1489 2162 εἰπόντα
1539 2128 1590 2161 τι
1637 2109 1709 2177 μὴ
1758 2108 1895 2161 κατὰ

214 2201 340 2261 τοὺς
377 2201 601 2267 νόμους,
642 2197 736 2251 ἐὰν
769 2196 903 2270 ἁλῷ,
942 2200 1002 2251 τὸ
1035 2201 1219 2266 τρίτον
1251 2195 1412 2266 μέρος
1450 2196 1758 2265 ἠτιμῶσθαι
1795 2205 1896 2250 τοῦ

212 2288 487 2356 σώματος,
537 2287 666 2348 τοὺς
717 2282 777 2339 δὲ
829 2286 900 2354 μὴ
953 2287 1148 2354 λόγον,
1194 2283 1311 2338 ἀλλ’
1367 2287 1528 2353 ἔργον
1574 2284 1895 2353 παράνομον

212 2376 575 2442 πεποιηκότας
624 2375 896 2442 μηδεμίαν
944 2374 1140 2426 δοῦναι
1192 2374 1366 2440 δίκην.
1436 2370 1526 2424 καὶ
1571 2373 1681 2440 μὴν
1718 2366 1761 2435 ὦ
1800 2371 1896 2424 ἄν·

216 2463 341 2529 δρες
374 2460 659 2530 Ἀθηναῖοι
706 2462 902 2523 πάντες
949 2460 1017 2513 ἂν
1056 2460 1208 2529 ὑμεῖς
1254 2463 1509 2530 φήσαιτε,
1553 2461 1613 2513 τὸ
1659 2460 1794 2528 πρὸς
1829 2459 1894 2511 τὰ

216 2557 438 2603 τοιαῦτα
462 2550 646 2617 πράως
671 2552 813 2619 ἔχειν
838 2548 1229 2616 προδιδάσκειν
1263 2546 1480 2616 ἑτέρους
1503 2546 1713 2599 ἀδικεῖν
1736 2543 1893 2600 εἶναι.
2019 2602 2035 2614 „

152 2654 193 2684 ιδ
327 2638 608 2705 Βούλομαι
648 2641 860 2705 τοίνυν,
900 2636 1187 2705 ἐπειδήπερ
1236 2637 1313 2698 είς
1358 2636 1586 2697 τούτους
1631 2635 1759 2697 τσὺς
1804 2636 1895 2687 λό·
2002 2625 2035 2699 ξ’-

217 2746 348 2794 γους
383 2728 695 2794 προήχθην,
734 2723 823 2777 καὶ
861 2725 926 2776 τὰ
959 2721 1314 2792 συμβαίνοντ’
1349 2722 1458 2776 ἀπὸ
1489 2731 1598 2775 τῶν
1630 2722 1898 2775 τοιούτων
2016 2718 2031 2730 ”

219 2814 352 2882 ὑμῖν
384 2812 702 2876 διεξελθεῖν.
767 2812 990 2866 ἐπειδὰν
1029 2811 1131 2880 γάρ
1171 2830 1252 2873 τις
1289 2809 1711 2879 μισθωσάμενος
1746 2829 1896 2878 τριη-
2013 2878 2019 2881 Α

216 2903 449 2970 ραρχίαν
490 2899 781 2971 ἐκπλεύσῃ,
819 2900 1024 2962 πάντας
1063 2897 1394 2967 ἀνθρώπους
1438 2899 1557 2966 ἄγει
1594 2895 1684 2949 καὶ
1721 2895 2026 2966 φέρειηαει
