2035 3158
799 144 962 185 ΠΡοΣ
979 144 1325 189 ΤΙΜΟΘΕΟΝ.
1750 193 1754 196 ,
1800 145 1900 197 15Ί

220 282 293 347 τῷ
346 272 510 346 πατρὶ
558 281 632 347 τῷ
685 273 795 347 ἐμῷ
847 277 1065 345 χαλκόν.
1139 276 1212 338 ὡς
1262 272 1311 329 δ’
1364 277 1464 330 οὐκ
1511 276 1692 347 ἀληθῆ
1740 277 1900 348 λέγει,

148 377 194 408 4⁹
218 361 356 431 μέγα
393 363 527 432 ὑμῖν
563 361 667 433 ε’ρῶ
700 366 1006 432 τεκμήριον.
1069 373 1288 434 πρῶτον
1321 362 1422 433 μὲν
1453 366 1556 435 γὰρ
1591 366 1650 419 ἐν
1680 369 1902 420 Καλαυ-

219 455 339 522 ρείᾳ
377 446 538 514 οὗτος
575 452 827 520 φαίνεται
877 452 1269 521 δανεισάμενος
1314 453 1408 516 τὰς
1447 455 1622 523 χιλίας
1661 456 1902 524 δραχμὰς

217 537 306 592 καὶ
340 539 440 609 οὐχ
473 539 501 593 6
534 540 1120 609 Βοιώτιοςναύαρχος,
1160 539 1332 593 ἔπειτ’
1365 540 1615 595 ἀπαιτῶν
1642 542 1669 596 6
1706 546 1899 595 Φίλιπ-

216 645 317 690 πος
367 626 569 680 ἐνθάδε
618 617 818 680 τοῦτον
876 628 969 690 τὰς
1026 632 1200 697 χιλίας
1256 629 1497 699 δραχμὰς
1545 629 1635 683 καὶ
1688 631 1754 683 οὐ
1804 632 1899 684 τὸν

173 742 176 744 ·
217 716 486 769 Βοιώτιον
534 716 845 785 ναύαρχον,
894 715 984 769 καὶ
1035 716 1278 780 ἀποδοὺς
1326 714 1516 786 οὗτος,
1566 716 1682 771 ἀλλ’
1730 719 1830 788 οὐχ
1870 719 2030 774 61199

216 804 479 867 Βοιώτιος
538 804 832 873 ναύαρχος·
888 813 1129 874 προσῆκε
1194 806 1296 876 γὰρ
1359 813 1432 878 τῷ
1497 803 1598 875 μὲν
1652 809 1898 879 Βοιωτίῳ

213 893 439 962 ἄρχοντι
477 891 624 961 παρὰ
662 893 861 945 τούτου
908 894 1008 962 τὴν
1057 895 1268 963 τροφὴν
1316 903 1429 957 τοῖς
1476 895 1536 948 ἐν
1581 904 1698 958 ταῖς
1735 893 1898 948 ναυσὶ

215 979 537 1049 λαμβάνειν·
585 979 644 1033 ἐκ
689 980 793 1050 γὰρ
842 989 951 1033 τῶν
1006 991 1210 1034 κοινῶν
1266 981 1576 1051 συντάξεων
1621 983 1654 1052 ἡ
1702 989 1901 1052 μισθο-

214 1069 382 1136 φορία
420 1062 490 1135 ἦν
529 1073 602 1138 τῷ
645 1069 1026 1136 στρατεύματι·
1074 1069 1138 1120 τὰ
1186 1065 1246 1121 δὲ
1294 1071 1539 1139 χρήματα
1579 1072 1647 1124 σὺ
1687 1072 1898 1136 ἅπαντα

217 1152 454 1218 ἐξέλεξας
494 1152 553 1206 ἐκ
590 1163 699 1206 τῶν
740 1155 1067 1224 συμμάχων,
1113 1154 1201 1208 καὶ
1251 1153 1310 1208 σε
1359 1158 1469 1209 ἔδει
1509 1158 1692 1210 αὐτῶν
1733 1161 1899 1227 λόγον

148 1256 192 1289 50
215 1241 536 1295 ἀποδοῦναι.
609 1238 722 1294 εἶτα
779 1248 1194 1297 καταλυθεισῶν
1255 1254 1365 1298 τῶν
1415 1248 1699 1299 Βοιωτίων
1757 1256 1898 1299 νεῶν

212 1328 302 1383 καὶ
343 1331 760 1383 διαπελθόντων
808 1340 917 1383 τῶν
965 1342 1340 1401 στρατιωτῶν,
1390 1341 1460 1405 τῷ
1511 1330 1611 1402 μὲν
1648 1337 1897 1406 Βοιωτίῳ

214 1418 471 1490 ναυάρχῳ
512 1415 696 1481 οὐδεὶς
741 1420 1001 1482 κίνδυνος
1046 1417 1137 1472 ὑπ’
1178 1415 1488 1489 Ἀθηναίων
1527 1418 1624 1491 ἦν,
1671 1420 1790 1476 οὐδ’
1838 1423 1897 1475 ἐν

213 1505 387 1574 ἀγῶνι
423 1506 772 1575 καθειστήκει
812 1507 1022 1560 οὐδενί·
1072 1510 1139 1561 σὺ
1189 1507 1237 1561 δ’
1287 1508 1346 1561 ἐν
1394 1517 1467 1581 τῷ
1509 1514 1765 1583 μεγίστῳ·
1805 1530 1896 1563 πε-

213 1597 444 1666 ρίφοβος
492 1591 540 1646 δ’
596 1593 673 1647 ὢν
719 1593 858 1663 ἡγοῦ
907 1609 994 1648 σοι
1041 1597 1284 1666 μεγάλην
1332 1597 1650 1667 ἐπικουρίαν
1697 1597 1895 1652 ἀπολο-

213 1685 334 1751 γίας
371 1683 614 1754 ἔσεσθαι,
661 1680 757 1735 ἐὰν
794 1686 1206 1752 παραμείνωσιν
1246 1686 1306 1738 αἱ
1339 1688 1600 1739 Βοιώτιαι
1640 1689 1895 1757 τριήρεις,

215 1770 316 1833 ἕως
364 1771 433 1823 ἄν
484 1783 572 1824 σοι
621 1769 654 1836 ἡ
705 1773 882 1838 κρίσις
941 1770 1175 1840 γένηται.
1259 1775 1441 1827 ἔπειτα
1492 1773 1581 1827 καὶ
1640 1775 1697 1828 ἐκ
1748 1778 1897 1838 τίνος

213 1861 399 1930 φιλίας
437 1859 504 1911 ἄν
543 1856 661 1911 ποτ’
710 1859 991 1912 ἐδάνεισεν
1034 1861 1062 1914 6
1102 1862 1277 1930 πατὴρ
1313 1863 1341 1916 6
1376 1862 1503 1930 ἐμὸς
1541 1871 1614 1935 τῷ
1648 1866 1895 1936 Βοιωτίῳ

214 1947 470 2019 ναυάρχῳ
524 1946 617 2010 τὰς
670 1950 845 2017 χιλίας
899 1949 1166 2018 δραχμάς,
1229 1949 1294 2003 ὃν
1357 1949 1476 2003 οὐδ’
1539 1950 1893 2020 ἐγίγνωσκεν;

145 2047 188 2080 ⁵1
215 2035 351 2089 ἀλλὰ
381 2035 484 2104 γὰρ
519 2033 834 2088 ὑποθέσθαι
873 2035 1045 2105 φησὶν
1086 2036 1255 2090 αὐτὸν
1287 2040 1504 2107 χαλκόν.
1567 2041 1742 2093 πόσον
1774 2043 1895 2094 τινὰ

212 2122 303 2177 καὶ
347 2124 622 2186 ποδαπόν;
671 2121 762 2176 καὶ
808 2126 985 2177 πόθεν
1033 2127 1333 2193 γενόμενον
1381 2127 1478 2179 τὸν
1523 2130 1726 2196 χαλκὸν
1772 2138 1896 2182 τοῦ-

214 2230 310 2264 τον
371 2217 444 2281 τῷ
506 2212 753 2283 Βοιωτίῳ
815 2211 1104 2284 ναυάρχῳ;
1178 2215 1380 2281 πότερα
1440 2212 1559 2267 κατ’
1629 2215 1894 2285 ἐμπορίαν

214 2296 453 2370 ἀχθέντα
515 2297 548 2366 ἢ
610 2295 700 2349 ἀπ’
762 2300 1121 2368 αἰχμαλώτων
1184 2304 1508 2370 γενόμενον;
1578 2299 1692 2355 εἶτα
1753 2307 1897 2367 τίνες

213 2384 354 2457 ἦσαν
403 2387 462 2440 οί
507 2384 820 2454 ἐνέγκαντες
870 2389 965 2440 τὸν
1016 2391 1220 2458 χαλκὸν
1270 2390 1343 2453 ὡς
1392 2392 1489 2443 τὸν
1545 2389 1749 2460 πατέρα
1798 2394 1896 2445 τὸν

215 2477 370 2546 ε’μόν;
423 2473 693 2545 μισθωτοὶ
746 2474 777 2543 ἢ
829 2474 1053 2540 οἰκέται;
1107 2477 1140 2546 ἢ
1191 2480 1272 2540 τίς
1322 2477 1351 2532 6
1402 2480 1735 2548 παραλαβὼν
1785 2491 1895 2533 τῶν

147 2581 192 2614 58
216 2566 439 2619 οἰκετῶν
477 2572 586 2616 τῶν
624 2561 926 2632 ἡμετε’ρων;
977 2572 1117 2634 χρῆν
1157 2565 1259 2635 γὰρ
1300 2565 1493 2634 αὐτόν,
1533 2568 1583 2619 εἰ
1617 2564 1718 2635 μὲν
1757 2568 1897 2621 οἰκέ-

215 2673 301 2707 ται
338 2655 595 2722 ἥνεγκαν,
632 2654 760 2714 τοὺς
805 2654 1136 2720 κομίσαντας
1182 2654 1575 2723 παραδιδόναι,
1622 2656 1674 2708 εἰ
1710 2652 1772 2709 δὲ
1810 2676 1896 2724 μι-

216 2726 457 2809 σθωτοί,Ἰ
507 2741 604 2794 τὸν
661 2739 1072 2808 ὑποδεξάμενον
1138 2739 1227 2794 καὶ
1286 2740 1739 2811 ἀποστησάμενον
1799 2746 1897 2797 τὸν

214 2830 417 2900 χαλκὸν
462 2836 572 2881 τῶν
619 2829 844 2881 οἰκετῶν
895 2838 1006 2881 τῶν
1055 2827 1353 2899 ἡμετέρων,
1403 2838 1602 2884 τοῦτον
1643 2830 1895 2895 ἐξαιτεῖν·

215 2916 284 2970 οὐ
321 2917 425 2988 γὰρ
465 2917 644 2984 δήπου
682 2917 816 2969 ἄνευ
857 2935 916 2984 γε
958 2922 1209 2985 σταθμοῦ
1257 2919 1479 2985 ἔμελλεν
1519 2915 1646 2972 οὔθ’
1694 2918 1722 2972 6
1760 2914 1889 2977 ’ὑπο-
