2035 3158
53 1645 94 1675 81.)

52 2439 93 2469 81.

655 172 817 215 ΠΡΟΣ
848 172 1261 217 MAKAPTATON.
1728 170 1798 221 42⁷

122 306 303 378 μέρος·
365 305 500 376 φησὶ
554 302 615 360 δὲ
666 306 765 360 τὸν
813 303 1017 375 πατέρα
1070 307 1168 359 τὸν
1222 302 1420 358 ἑαυτοῦ
1475 306 1802 374 Θεόπομπον

121 395 418 466 προσήκειν
448 391 654 465 Ἁγνίᾳ.
715 392 746 448 6
786 389 847 446 δὲ
886 394 1054 462 νόμος
1092 391 1302 446 κελεύει
1341 391 1371 446 ὁ
1403 400 1509 445 τοῦ
1543 394 1805 455 Σόλωνος

123 492 339 552 κρατεῖν
376 483 505 544 τοὺς
543 482 777 550 ἄρρενας
814 478 904 534 καὶ
944 483 1071 544 τοὺς
1102 478 1162 534 ἐκ
1191 489 1302 533 τῶν
1334 477 1605 549 ἀρρένων·
1645 475 1805 543 οὗτος

123 568 174 623 δ’
227 567 429 624 οὑτωσὶ
483 560 686 641 ῥᾳδίως
737 571 1109 641 κατεφρόνησε
1164 566 1255 621 καὶ
1308 577 1418 621 τῶν
1472 570 1659 636 νόμων
1713 566 1803 620 καὶ

121 666 221 712 τοῦ
260 655 514 726 Ἁγνίου,
567 655 656 710 καὶ
711 659 1016 727 εἰσεποίησε
1064 658 1162 711 τὸν
1209 656 1336 709 υίὸν
1383 656 1460 718 εἰς
1505 658 1602 709 τὸν
1651 651 1805 709 οἷκον

122 749 224 799 τὸν·
255 748 392 815 πρὸς
429 747 644 815 μητρός.
714 755 828 808 πῶς
865 744 934 798 ἂν
973 743 1225 814 γένοιντο
1264 745 1474 798 τούτων
1514 744 1804 813 ἄνθρωποι

121 834 569 904 παρανομώτεροι
607 833 640 903 ἢ
681 836 1004 903 βιαιότεροι;

217 922 323 975 ·Οὐ
359 924 551 975 τοίνυν
596 930 766 975 ταῦτα
812 925 986 991 μόνον
1026 918 1069 974 ὦ
1109 923 1307 991 ἄνδρες
1345 923 1621 989 δικασταί,
1667 921 1804 973 ἀλλὰ

120 1008 208 1064 καὶ
248 1013 525 1080 μνήματος
557 1011 716 1073 ὄντος
747 1019 941 1064 κοινοῦ
973 1010 1140 1063 ἅπασι
1172 1020 1286 1073 τοῖς
1324 1008 1430 1063 ἀπὸ
1469 1017 1568 1063 τοῦ
1604 1006 1805 1063 Βουσέ-

121 1103 222 1152 λου
267 1097 584 1168 γενομένοις
639 1097 751 1169 (καὶ
805 1102 1045 1151 καλεῖται
1092 1099 1153 1151 τὸ
1202 1105 1384 1166 μνῆμα
1435 1097 1806 1164 Βουσελιδῶν,

119 1188 292 1250 πολὺς
329 1189 494 1249 τόπος
530 1185 1019 1257 περιβεβλημένος,
1058 1186 1239 1255 ὥσπερ
1279 1186 1336 1240 οἰ
1371 1186 1586 1256 ἀρχαῖοι
1626 1184 1806 1254 ἐνόμι-

120 1274 236 1346 ζον)
283 1273 343 1328 ἐν
390 1276 564 1348 τούτῳ
611 1282 684 1348 τςό
741 1277 979 1345 μνήματι
1025 1274 1083 1328 οἱ
1124 1271 1226 1343 μὲν
1273 1274 1430 1328 ἄλλοι
1477 1276 1708 1336 ἅπαντες
1754 1273 1812 1326 οἷ

122 1363 226 1418 ἀπὸ
266 1371 363 1417 τοῦ
394 1361 677 1417 Βουσέλου
716 1373 943 1431 κεῖνται,
981 1364 1070 1416 καὶ
1105 1363 1133 1416 6
1158 1360 1376 1431 Ἁγνίας
1407 1361 1497 1416 καὶ
1529 1362 1559 1416 6
1592 1361 1806 1430 Εὐβου-

123 1453 275 1520 λίδης
312 1449 402 1503 καὶ
441 1451 471 1505 6
504 1451 784 1521 ,Πολέμων
829 1449 921 1505 καὶ
969 1451 1028 1504 οἱ
1070 1452 1228 1504 ἄλλοι
1275 1451 1507 1514 ἅπαντες
1553 1456 1806 1504 τοσοῦτοι

121 1541 274 1602 ’ὄντες
313 1547 614 1607 συγγενεῖς,
654 1538 712 1592 οἷ
747 1537 852 1591 ἀπὸ
891 1545 990 1591 τοῦ
1028 1536 1343 1606 Βουσέλου,
1381 1539 1614 1600 ἅπαντες
1652 1532 1805 1590 οὗτοι

120 1634 451 1681 κοινωνοῦσι
490 1635 588 1681 τοῦ
627 1630 906 1696 μνήματος
936 1627 1156 1680 τούτου·
1198 1625 1228 1680 ὁ
1270 1622 1329 1679 δὲ
1369 1623 1590 1681 τουτουὶ
1628 1628 1803 1694 πατὴρ
1828 1644 1938 1684 1078

118 1716 490 1785 Maxapvoiwv
534 1713 626 1769 καὶ
665 1715 695 1769 6
733 1715 950 1778 πάππος
996 1714 1063 1768 οὐ
1111 1718 1540 1784 κεκοινωνήκασι
1588 1716 1806 1783 τούτου,

119 1802 237 1859 ἀλλ’
285 1804 469 1868 αὑτοῖς
508 1805 622 1875 ἰδίᾳ
662 1802 988 1871 ἐποιήσαντο
1036 1810 1221 1872 μνῆμα
1261 1804 1487 1856 ἄπωθεν
1526 1811 1625 1857 τοῦ
1664 1805 1806 1856 Βου-

119 1894 353 1946 σελιδῶν
392 1894 684 1962 μνήματος.
758 1892 1023 1944 δοκοῦσιν
1063 1890 1197 1959 ὑμιν
1237 1886 1279 1943 ὦ
1320 1892 1518 1961 ανδρες
1558 1888 1805 1944 δικασταὶ

119 1984 415 2051 προσήκειν
461 2000 512 2034 τι
566 1987 639 2052 τῷ
697 1984 831 2033 οἵκω
881 1986 954 2051 τῷ
1003 1975 1260 2048 Ἁγνίου,
1318 1980 1461 2048 πλὴν
1510 1986 1609 2034 τοῦ
1660 1981 1804 2049 ἔχειν

119 2068 457 2140 ἁρπάσαντες
493 2068 558 2121 τὰ
597 2068 670 2137 μὴ
716 2044 1090 2137 προσήκοντας
1138 2068 1190 2120 εἰ
1235 2063 1284 2120 δ’
1333 2066 1804 2138 ἐξερημωθήσεται

118 2157 150 2226 ἢ
190 2156 478 2227 ἀνώνυμος
514 2157 665 2210 ἔσται
703 2156 733 2210 6
774 2152 922 2218 οἶκος
955 2155 984 2209 6
1008 2153 1233 2224 Ἁγνίου
1266 2154 1356 2209 καὶ
1389 2156 1418 2210 6
1452 2156 1806 2225 Εὐβουλίδου

119 2253 217 2299 τοῦ
256 2244 489 2309 ἀνεψιοῦ
527 2251 625 2298 τοῦ
655 2241 909 2312 Ἁγνίου,
948 2240 1079 2298 οὐδὲ
1119 2245 1253 2297 κατὰ
1294 2244 1655 2315 τούλάχιστον
1693 2247 1804 2299 πώ-

118 2331 236 2388 ποτ’
286 2332 470 2395 αὐτοῖς
509 2330 785 2401 ἐμέλησεν.

217 2418 360 2491 Ἐγὼ
401 2420 450 2476 δ’
498 2417 541 2475 ὦ
581 2423 779 2489 ἄνδρες
818 2420 1066 2475 δικασταὶ
1114 2425 1307 2491 βοηθῶ
1347 2419 1448 2492 μὲν
1487 2423 1560 2485 ὡς
1599 2416 1714 2485 οἶός
1750 2425 1795 2475 τ’

119 2507 228 2578 εἰμὶ
267 2510 499 2579 μάλιστα
540 2518 653 2572 τοῖς
684 2511 1124 2578 τετελευτηκόσιν
1159 2508 1410 2574 ἐκείνοις·
1451 2510 1518 2564 οὐ
1557 2511 1704 2575 πάνυ
1743 2509 1795 2563 δ’

120 2595 245 2651 ἐστὶ·
271 2595 471 2671 ῥᾴδιον
509 2607 626 2660 ταῖς
663 2598 876 2651 τούτων
914 2597 1801 2668 παρασκευαῖςἀνταγωνίζεσθαι.

117 2687 466 2755 παραδίδωμι
517 2681 619 2740 οὖν
670 2685 821 2755 ὑμῖνκ
860 2686 957 2740 τὸν
1012 2687 1184 2739 παῖδα
1241 2685 1478 2740 τουτονὶ..
1510 2682 1554 2739 ὦ
1601 2687 1803 2756 ’ἄνδρες

108 2773 367 2846 Ιδικασταὶ
409 2773 835 2844 ἐπιμεληθῆναι,
883 2774 1027 2837 ὅπως
1073 2773 1143 2828 ἂν
1181 2773 1312 2843 ὑμῖν
1339 2776 1488 2845 ,δοκῇ
1529 2775 1801 2828 δικαιότα-

117 2882 214 2916 τον
245 2859 403 2916 εἷναι.
466 2858 626 2925 οὗτος
657 2863 1028 2931 εἰσπεποίηται
1061 2864 1138 2925 εἰς
1161 2864 1257 2916 τὸν
1284 2859 1437 2916 οἷκον
1462 2864 1559 2917 τὸν
1586 2863 1800 2932 Εὐβου-

117 2951 303 3019 λίδου,
348 2947 439 3004 καὶ
484 2951 725 3021 εἰσῆκται
771 2951 848 3015 εἰς
895 2953 1022 3015 τοὺς
1066 2951 1364 3022 φράτερας,
1411 2950 1512 3004 οὐκ
1559 2953 1636 3014 εἰς
1674 2956 1802 3013 τοὺς
