2035 3158
739 162 905 206 ΠΡΟΣ
936 161 1290 205 ΠΟΔΤΚΛΕΔ.
1747 158 1851 210 163

981 381 1043 437 L.

382 501 615 564 ΠΡΟΣ
666 499 1168 563 ΠΟΛΤΚΛΕΑ
1215 498 1425 560 ΠΕΡΙ
1470 496 1647 559 TOT

516 596 1496 661 ΕΠΙΤΡΙΗΡΑΡΧΗΜΑΤΟΣ.

841 755 1176 799 ΤΠΟΘΕΣΙΣ.

275 857 638 930 Ἀπολλόδωρος
686 861 712 914 ὅ
752 864 1013 924 Πασίωνος
1058 863 1414 929 τριηραρχήσας
1459 863 1726 928 φιλοτίμως
1772 862 1857 914 τὸν
1952 867 1954 870 ’

168 943 440 1010 ὡρισμένον
477 943 680 1011 χρόνον,
719 942 1157 1011 έπετριηράρχησεν
1205 941 1366 1009 ἕτερον
1405 943 1497 994 οὐκ
1536 941 1723 1010 ὀλίγον,
1768 951 1856 993 τοῦ

169 1023 401 1091 διαδόχου
434 1022 749 1084 Πολυκλέους
782 1024 849 1089 μὴ
880 1022 1114 1084 ἐλθόντος
1144 1019 1424 1092 παραχρῆμ’
1466 1023 1545 1075 ἐπὶ
1583 1024 1675 1090 τὴν
1714 1031 1858 1082 ναῦν,

166 1113 308 1156 τοῦτο
347 1099 416 1171 δ’,
454 1099 527 1155 ὅτ’
569 1098 747 1170 ἦλθεν,
795 1104 855 1155 οὐ
901 1105 1269 1171 παραλαβόντος
1314 1103 1528 1170 εὐθέως,
1575 1104 1693 1155 ἀλλὰ
1740 1119 1857 1170 σκη-

167 1183 397 1250 ψαμένου
442 1183 719 1252 περιμένειν
767 1185 852 1236 τὸν
900 1185 1297 1252 συντριήραρχον.
1375 1185 1609 1236 τοσούτου
1656 1183 1708 1235 δὲ
1746 1185 1855 1252 χρό·

170 1285 260 1317 νου
283 1274 371 1317 τοῦ
396 1264 892 1334 ἐπιτριηραρχήματος
913 1264 1051 1326 ἀξιοῖ
1065 1265 1366 1330 κομίσασθαι
1391 1265 1444 1316 τὸ
1469 1264 1702 1332 ἀνάλωμα
1724 1265 1856 1329 παρὰ

171 1345 484 1408 Πολυκλέους
517 1341 894 1413 Ἀπολλόδωρος.

287 1537 414 1598 Τοῖς
469 1533 740 1596 τοιούτοις
795 1542 906 1587 τῶν
962 1531 1194 1601 ἀγώνων
1255 1529 1298 1587 ὦ
1349 1534 1547 1602 ἄνδρες
1607 1533 1857 1589 δικασταὶ
1875 1541 1988 1581 1206

168 1621 259 1677 καὶ
297 1624 427 1686 τοὺς
465 1620 945 1691 διαγνωσομένους
991 1623 1254 1692 προσήκει
1294 1621 1527 1690 μάλιστα
1566 1621 1856 1693 προσέχειν

168 1712 268 1766 τὸν
305 1719 460 1766 νοῦν.
524 1710 590 1764 οὐ
629 1710 733 1780 γὰρ
775 1709 902 1779 ἐμὸς
940 1708 1030 1762 καὶ
1061 1708 1419 1772 Πολυκλέους
1459 1710 1599 1773 ἴδιός
1639 1710 1787 1764 ἐστιν
1827 1712 1858 1767 ὁ

170 1799 321 1868 ἀγὼν
359 1801 553 1869 μόνον,
592 1797 730 1851 ἀλλὰ
768 1796 859 1851 καὶ
898 1806 990 1866 τῆς
1028 1800 1238 1861 πόλεως
1275 1800 1474 1860 κοινός.
1537 1792 1616 1852 ὧν
1656 1800 1759 1870 γὰρ
1792 1801 1858 1854 τὰ

169 1884 272 1957 μὲν
310 1886 616 1957 ἐγκλήματα
658 1886 771 1940 ἴδιά
811 1885 988 1955 ἐστιν,
1038 1886 1100 1939 αῖ
1141 1883 1202 1939 δὲ
1252 1886 1453 1956 βλάβαι
1492 1891 1700 1955 κοιναί,
1746 1898 1859 1951 πῶς

169 1975 270 2047 οὐχ
307 1972 447 2046 ὑπὲρ
485 1976 697 2029 τούτων
737 1976 880 2036 εἰκός
920 1973 1069 2028 ἐστιν
1117 1973 1456 2036 ἀκούσαντας
1495 1974 1635 2044 ὑμᾶς
1675 1975 1860 2042 ὀρθῶς

170 2065 498 2134 διαγνῶναι;
545 2065 597 2117 εἰ
639 2059 741 2133 μὲν
787 2063 891 2132 γὰρ
937 2060 1062 2131 περὶ
1109 2063 1280 2116 ἄλλου
1327 2063 1475 2125 τινὸς
1515 2066 1856 2133 συμβολαίου

172 2151 276 2221 ἐγὼ
328 2153 724 2222 διαφερόμενος
780 2152 915 2221 πρὸς
966 2148 1256 2204 Πολυκλέα
1314 2146 1521 2221 εἰσῄειν
1571 2153 1649 2215 εἰς
1697 2153 1857 2222 ὑμᾶς,

172 2240 299 2309 ἐμὸς
344 2238 413 2292 ἂν
458 2235 528 2308 ἦν
575 2237 665 2291 καὶ
703 2237 1060 2301 Πολυκλέους
1099 2239 1128 2292 ὁ
1169 2237 1343 2306 ἀγών·
1390 2247 1497 2292 νῦν
1538 2236 1599 2292 δὲ
1636 2245 1767 2311 περί
1800 2261 1856 2294 τε

172 2328 429 2398 διαδοχῆς
484 2327 620 2389 νεώς
674 2325 823 2380 ε’στιν
870 2326 900 2381 ὁ
947 2328 1109 2395 λόγος
1155 2324 1246 2379 καὶ
1301 2326 1857 2399 ἐπιτριηραρχήματος

169 2413 328 2469 πέντε
378 2423 569 2484 μηνῶν
619 2412 708 2467 καὶ
759 2413 814 2479 ἓξ
864 2414 1083 2484 ἡμερῶν
1143 2413 1530 2485 ἀνηλωμένου,
1590 2415 1681 2470 καὶ
1731 2417 1856 2487 περὶ

171 2513 280 2557 τῶν
317 2505 525 2572 νόμων,
562 2504 763 2571 πότερα
809 2503 995 2573 κύριοί
1036 2504 1176 2556 εἰσιν
1215 2502 1249 2572 ἢ
1289 2503 1372 2557 οὔ.
1443 2503 1742 2573 ἀναγκαῖον
1784 2508 1853 2575 δή

170 2611 263 2660 μοι
313 2592 469 2645 δοκεῖ
513 2587 655 2644 εἶναι
706 2590 760 2654 ἐξ
812 2589 979 2660 ἀρχῆς
1038 2591 1248 2643 ἅπαντα
1299 2593 1670 2661 διηγήσασθαι
1719 2596 1856 2664 πρὸς

170 2678 324 2747 ὑμᾶς.
386 2678 476 2732 καὶ
514 2681 649 2748 πρὸς
686 2683 838 2731 θεῶν
878 2679 1076 2749 ἄνδρες
1123 2678 1399 2747 δικασταὶ,
1448 2680 1639 2749 δεόμαι
1678 2681 1854 2751 ὑμῶν,

171 2768 244 2837 μή
285 2786 350 2835 με
388 2766 671 2836 ἡγήσησθε
712 2765 1051 2837 ἀδολεσχεῖν,
1089 2766 1185 2820 ἐὰν
1220 2768 1311 2820 διὰ
1342 2768 1694 2839 μακροτέρων
1737 2771 1853 2840 διη-

171 2862 349 2923 γῶμαι
386 2854 453 2908 τά
500 2873 555 2908 τε
604 2853 931 2924 ἀναλώματα
976 2853 1067 2908 καὶ
1113 2855 1209 2918 τὰς
1246 2854 1483 2926 πράξεις,
1524 2857 1596 2920 ὡς
1636 2857 1695 2910 ἐν
1735 2879 1851 2911 και-

171 2949 249 3013 ρῷ
292 2961 348 2995 τε
388 2940 606 2995 ἕκασται
646 2940 735 2995 καὶ
782 2944 1037 3012 χρήσιμοι
1078 2952 1144 3013 τῇ
1184 2945 1340 2996 πόλει
1390 2943 1851 3014 ἐδιακονήθησαν.

1501 3030 1583 3070 21⁹
