2035 3158
109 147 211 200 116
574 149 754 190 van.
804 146 1310 205 [ΔΗΜΟΣΘΕΝΟΥΣ]

785 280 1085 321 ΨΗΦΙΣΜΑ.

41 384 81 416 45
215 367 606 429 Καταπλεύσας
654 370 845 420 τοίνυν
896 364 938 420 ὦ
989 369 1186 436 ἄνδρες
1237 370 1513 436 δικασταί,
1569 369 1641 430 ὡς
1691 368 1782 421 οὐ·

105 452 223 506 δενὶ
260 456 462 522 ἤθελεν
502 453 805 523 ἐπιτρέπειν
845 455 874 508 ὁ
917 458 1204 524 Θεόφημος
1249 455 1373 525 περὶ
1410 466 1519 508 τῶν
1557 459 1781 523 πληγῶν
1803 475 1913 525 1153

105 537 182 593 ὧν
239 539 345 594 τότ’
414 545 611 610 ἔλαβον
667 541 758 595 ὑπ’
817 543 1019 610 αὐτοῦ,
1074 544 1556 612 προσεκαλεσάμην
1615 542 1782 595 αὐτὸν

105 627 193 681 καὶ
233 631 429 698 ἔλαχον
469 630 613 701 αὐτῷ
665 632 824 698 δίκην
870 639 964 699 τῆς
1011 632 1229 692 αἰκείας.
1292 630 1784 697 ἀντιπροσκαλεσα-

104 715 272 783 μένου
328 714 388 770 δὲ
439 716 693 770 κάκείνου
749 717 866 785 ἐμέ,
921 716 1011 770 καὶ
1067 720 1358 786 διαιτητῶν
1407 717 1644 787 ἐχόντων
1691 717 1785 779 τὰς

105 805 276 871 δίκας,
317 804 500 872 ἐπειδὴ
541 804 572 872 ἡ
614 804 885 873 ἀπόφασις
923 801 993 872 ἧν
1034 813 1126 873 τῆς
1166 806 1401 873 διαίτης,
1442 805 1470 858 ὁ
1512 801 1611 873 μὲν
1652 807 1784 857 Θεό-

103 911 281 960 φημος
318 893 694 961 παρεγράφετο
742 890 832 944 καὶ
878 892 1202 961 ὑπώμνυτο,
1250 892 1353 959 ἐγὼ
1404 889 1462 944 δὲ
1511 893 1784 944 πιστεύων

39 1002 80 1031 413
106 978 315 1051 ἐμαυτῷ
349 977 521 1049 μηδὲν
553 980 763 1032 ἀδικεῖν
797 977 1003 1050 εἰσῄειν
1044 982 1120 1042 εἰς
1158 981 1312 1048 ὑμᾶς.
1374 982 1784 1049 παρασχόμενος

106 1063 164 1119 δὲ
197 1067 402 1130 ἐκεῖνος
433 1069 635 1135 ταύτην
667 1068 766 1134 τὴν
800 1070 1125 1135 μαρτυρίαν,
1164 1068 1234 1136 ἣν
1267 1069 1431 1129 ἄλλος
1462 1064 1563 1136 μὲν
1602 1066 1785 1129 οὐδεὶς

103 1155 530 1224 μεμαρτύρηκεν,
571 1154 598 1207 ὁ
633 1152 681 1206 ὁ7
722 1153 960 1222 ἀδελφὸς
991 1153 1081 1207 καὶ
1114 1155 1141 1208 ὁ
1175 1157 1457 1223 κηδεστής,
1496 1155 1569 1217 ὡς
1600 1154 1784 1207 ἐθέλοι

103 1242 201 1310 τὴν
242 1243 542 1312 ἄνθρωπον
582 1244 953 1311 παραδοῦναι,
1002 1241 1091 1295 καὶ
1138 1244 1611 1311 προσποιούμενος
1656 1244 1785 1294 ἄκα-

104 1348 197 1391 κος
236 1326 395 1396 εἶναι,
444 1329 739 1398 ἐξηπάτησε
788 1332 916 1392 τοὺς
963 1331 1232 1392 δικαστάς.
1303 1330 1494 1399 δεόμαι
1535 1327 1584 1383 δ’
1629 1330 1785 1398 ὑμῶν

103 1415 229 1469 νυνὶ
270 1418 486 1470 δικαιάν
527 1416 735 1486 δέησιν,
775 1419 883 1486 ἅμα
925 1415 1024 1486 μὲν
1059 1420 1275 1471 δικάσαι
1309 1417 1431 1488 περὶ
1463 1425 1556 1486 τῆς
1586 1438 1785 1488 μαρτυ-

104 1507 240 1572 ρίας,
280 1508 479 1573 πότερα
511 1507 718 1574 ψευδής
760 1506 908 1558 ἐστιν
942 1506 971 1575 ἣ
1006 1505 1235 1575 ἀληθής,
1276 1508 1384 1575 ἅμα
1426 1503 1485 1559 δὲ
1524 1504 1646 1573 περὶ
1687 1515 1785 1559 τοῦ

39 1617 116 1646 am
104 1593 414 1700 πράγματος
461 1593 513 1658 ἐξ
567 1593 732 1663 ἀρχῆς
782 1593 1105 1657 σκέψασθαι
1179 1595 1282 1662 ἐγὼ
1322 1615 1422 1663 μεν
1462 1597 1670 1662 τοίνυν,
1709 1596 1786 1657 είς

105 1680 136 1732 ἃ
177 1677 336 1743 οὗτος
374 1681 641 1750 κατέφυγε
682 1685 802 1736 τότε
845 1683 1055 1750 δικαια,
1104 1682 1161 1735 ἐκ
1210 1683 1421 1736 τούτων
1469 1679 1619 1751 οἶμαι
1666 1683 1784 1734 δεῖν

106 1770 199 1822 τὸν
238 1772 461 1840 ἔλεγχον
500 1769 788 1838 γενέσθαι,
837 1771 894 1824 ἐκ
942 1791 1034 1840 της
1083 1770 1387 1838 ἀνθρώπου
1434 1769 1785 1840 βασανιζομέ-

106 1877 228 1925 νης,
281 1857 538 1927 ὁπότερος
589 1854 713 1927 ἦρξε
767 1868 964 1928 χειρῶν
1014 1858 1244 1911 άδικων·
1292 1867 1453 1913 τοῦτο
1494 1859 1595 1926 γάρ
1637 1859 1784 1911 ἐστιν

102 1944 134 2012 ἡ
182 1950 372 1998 αἴκεια.
450 1944 538 1998 καὶ
594 1948 719 2008 τοὺς
765 1946 1041 2015 μάρτυρας
1094 1947 1182 1998 διὰ
1238 1955 1398 2000 τοῦτο
1450 1949 1628 1999 διώκω
1676 1968 1784 1999 των

102 2034 672 2102 ψευδομαρτυριῶν,“
642 2053 725 2086 οτι
759 2034 1139 2103 ἐμαρτύρησαν
1173 2035 1387 2088 ἐθέλειν
1420 2035 1783 2102 παραδιδόναι

103 2123 198 2174 τὸν
232 2123 527 2190 Θεόφημον
558 2123 657 2190 τὴν
691 2123 1013 2190 ἄνθρωπον,
1054 2123 1303 2192 οὐδαμοῦ
1334 2125 1396 2176 τὸ
1429 2132 1583 2192 σῶμα
1615 2142 1782 2189 παρα-

105 2210 354 2271 διδόντος
407 2211 533 2263 οὔτε
588 2213 707 2263 τότε
761 2212 895 2279 πρὸς
950 2218 1021 2282 τῷ
1071 2213 1315 2281 διαιτητῇ
1364 2212 1486 2264 οὔτε
1534 2211 1784 2278 ὕστερον,

44 2318 77 2348 18
103 2298 361 2360 πολλάκις
409 2298 542 2366 ἐμοῦ
591 2298 984 2367 ἐξαιτήσαντος.
1059 2301 1258 2366 διπλῆν
1306 2295 1409 2352 οὖν
1457 2299 1656 2360 αὐτοὺς
1703 2302 1789 2351 δεῖ

105 2388 264 2454 δίκην
304 2387 527 2453 δοῦναι,
576 2386 657 2439 ὅτι
705 2406 758 2439 τε
809 2386 1145 2455 ἐξηπάτησαν
1193 2389 1321 2448 τοὺς
1361 2387 1616 2449 δικαστὰς
1658 2399 1783 2449 ψευ-

105 2475 216 2536 δεῖς
261 2477 560 2542 μαρτυρίας
605 2478 1034 2544 παρασχόμενοι,
1085 2475 1353 2543 κηδεστοῦ
1392 2473 1480 2526 καὶ
1519 2473 1783 2542 ἀδελφοῦ,

104 2560 191 2615 καὶ
231 2562 313 2614 ὅτι
353 2559 445 2631 ἐμὲ
484 2563 773 2631 ἠδίκησαν,
814 2566 1224 2633 λῃτουργοῦντα
1263 2559 1363 2631 μὲν
1401 2562 1534 2630 ὑμῖν
1572 2563 1783 2629 προθύ-

105 2670 234 2718 μως,
272 2658 537 2703 ποιοῦντα
587 2648 646 2704 δὲ
694 2651 756 2702 τὰ
796 2652 1264 2719 προσταττόμενα,
1310 2649 1684 2718 ὑπηρετοῦντα
1723 2647 1783 2702 δὲ

106 2748 216 2800 τοῖς
255 2741 444 2806 νόμοις
481 2736 571 2791 καὶ
611 2749 722 2801 τοῖς
761 2742 1072 2808 ψηφίσμασι
1110 2748 1221 2800 τοῖς
1259 2736 1554 2806 ὑμετέροις.
1617 2738 1688 2799 ὡς
1728 2735 1776 2790 δ’

106 2827 204 2879 οὐκ
261 2826 364 2893 ἐγὼ
420 2829 587 2894 μόνος
640 2826 950 2896 παρέλαβον
1014 2826 1158 2894 παρὰ
1222 2833 1313 2894 τῆς
1368 2824 1534 2894 ἀρχῆς
1587 2833 1783 2878 τοῦτον

105 2913 498 2981 εἰσπράξασθαι
562 2916 724 2983 σκεύη
789 2915 1077 2984 ὀφείλοντα
1143 2921 1204 2982 τῇ
1260 2916 1443 2972 πόλει,
1503 2912 1640 2965 ἀλλὰ
1693 2911 1915 2969 καὶ1154
