<?xml version="1.0" encoding="UTF-8"?>
<!DOCTYPE html PUBLIC "-//W3C//DTD XHTML 1.0 Transitional//EN"
    "http://www.w3.org/TR/xhtml1/DTD/xhtml1-transitional.dtd">
<html xmlns="http://www.w3.org/1999/xhtml" xml:lang="en" lang="en">
 <head>
  <title>
</title>
<meta http-equiv="Content-Type" content="text/html;charset=utf-8" />
  <meta name='ocr-system' content='tesseract 3.04.00' />
  <meta name='ocr-capabilities' content='ocr_page ocr_carea ocr_par ocr_line ocrx_word'/>
</head>
<body>
  <div class='ocr_page' id='page_1' title='image "./p1orationesexrecen03demouoft_0224.png"; bbox 0 0 2035 3158; ppageno 0'>
   <div class='ocr_carea' id='block_1_1' title="bbox 139 142 1285 204">
    <p class='ocr_par' dir='ltr' id='par_1_1' title="bbox 139 142 1285 204">
     <span class='ocr_line' id='line_1_1' title="bbox 139 142 1285 204; baseline -0.008 -12"><span class='ocrx_word' id='word_1_1' title='bbox 139 153 199 203; x_wconf 81' lang='lat'><em>‘21</em></span> <span class='ocrx_word' id='word_1_2' title='bbox 214 151 247 204; x_wconf 79' lang='lat'><strong>3</strong></span> <span class='ocrx_word' id='word_1_3' title='bbox 670 146 782 190; x_wconf 77' lang='lat' dir='ltr'><em>mv.</em></span> <span class='ocrx_word' id='word_1_4' title='bbox 821 142 1285 186; x_wconf 70' lang='grc' dir='ltr'>ΔΗΜΟΣΘΕΝΟΤΣ</span> 
     </span>
    </p>
   </div>
   <div class='ocr_carea' id='block_1_2' title="bbox 68 271 2011 1757">
    <p class='ocr_par' dir='ltr' id='par_1_2' title="bbox 137 271 1817 356">
     <span class='ocr_line' id='line_1_2' title="bbox 137 271 1817 356; baseline -0.009 -18"><span class='ocrx_word' id='word_1_5' title='bbox 137 285 330 356; x_wconf 77' lang='grc' dir='ltr'><em>τούτῳ,</em></span> <span class='ocrx_word' id='word_1_6' title='bbox 366 281 465 336; x_wconf 83' lang='grc' dir='ltr'><em>οὐκ</em></span> <span class='ocrx_word' id='word_1_7' title='bbox 497 279 566 332; x_wconf 81' lang='grc' dir='ltr'><em>ἂν</em></span> <span class='ocrx_word' id='word_1_8' title='bbox 597 280 700 348; x_wconf 79' lang='grc' dir='ltr'><em>ἤδη</em></span> <span class='ocrx_word' id='word_1_9' title='bbox 734 284 828 345; x_wconf 88' lang='grc' dir='ltr'><em>τῆς</em></span> <span class='ocrx_word' id='word_1_10' title='bbox 859 278 1069 344; x_wconf 78' lang='grc' dir='ltr'><em>διαίτης</em></span> <span class='ocrx_word' id='word_1_11' title='bbox 1100 271 1562 344; x_wconf 81' lang='grc' dir='ltr'><em>ἀποφαινομένης,</em></span> <span class='ocrx_word' id='word_1_12' title='bbox 1600 271 1817 337; x_wconf 85' lang='grc' dir='ltr'><em>νυκτὸς,</em></span> 
     </span>
    </p>

    <p class='ocr_par' dir='ltr' id='par_1_3' title="bbox 68 357 2011 1053">
     <span class='ocr_line' id='line_1_3' title="bbox 68 357 1817 439; baseline -0.006 -19"><span class='ocrx_word' id='word_1_13' title='bbox 68 388 115 420; x_wconf 67' lang='grc' dir='ltr'><em>τις</em></span> <span class='ocrx_word' id='word_1_14' title='bbox 139 371 396 439; x_wconf 77' lang='grc' dir='ltr'><em>οὐδεμιᾶς</em></span> <span class='ocrx_word' id='word_1_15' title='bbox 414 368 721 421; x_wconf 77' lang='grc' dir='ltr'><em>ὑπολοίπου</em></span> <span class='ocrx_word' id='word_1_16' title='bbox 739 366 988 433; x_wconf 76' lang='grc' dir='ltr'><em>σκήψεως</em></span> <span class='ocrx_word' id='word_1_17' title='bbox 1011 364 1197 431; x_wconf 83' lang='grc' dir='ltr'><em>οὔσης,</em></span> <span class='ocrx_word' id='word_1_18' title='bbox 1221 361 1655 430; x_wconf 85' lang='grc' dir='ltr'><em>προύκαλοῦντο,</em></span> <span class='ocrx_word' id='word_1_19' title='bbox 1678 357 1817 411; x_wconf 78' lang='grc' dir='ltr'><em>ἀλλὰ</em></span> 
     </span>
     <span class='ocr_line' id='line_1_4' title="bbox 138 445 1816 526; baseline -0.008 -14"><span class='ocrx_word' id='word_1_20' title='bbox 138 468 298 513; x_wconf 89' lang='grc' dir='ltr'><em>τοῦτο</em></span> <span class='ocrx_word' id='word_1_21' title='bbox 331 455 432 526; x_wconf 73' lang='grc' dir='ltr'><em>μὲν</em></span> <span class='ocrx_word' id='word_1_22' title='bbox 463 457 567 523; x_wconf 91' lang='grc' dir='ltr'><em>πρὸ</em></span> <span class='ocrx_word' id='word_1_23' title='bbox 601 462 698 507; x_wconf 89' lang='grc' dir='ltr'><em>τοῦ</em></span> <span class='ocrx_word' id='word_1_24' title='bbox 730 454 829 522; x_wconf 82' lang='grc' dir='ltr'><em>τὴν</em></span> <span class='ocrx_word' id='word_1_25' title='bbox 864 454 1023 520; x_wconf 88' lang='grc' dir='ltr'><em>δίκην</em></span> <span class='ocrx_word' id='word_1_26' title='bbox 1057 455 1348 519; x_wconf 81' lang='grc' dir='ltr'><em>ληχθῆναι,</em></span> <span class='ocrx_word' id='word_1_27' title='bbox 1385 445 1529 516; x_wconf 85' lang='grc' dir='ltr'><em>ἡνίκ’</em></span> <span class='ocrx_word' id='word_1_28' title='bbox 1560 446 1816 500; x_wconf 82' lang='grc' dir='ltr'><em>ἀσθενῶν</em></span> 
     </span>
     <span class='ocr_line' id='line_1_5' title="bbox 140 534 1818 614; baseline -0.008 -14"><span class='ocrx_word' id='word_1_29' title='bbox 140 546 244 614; x_wconf 86' lang='grc' dir='ltr'><em>ἐγὼ</em></span> <span class='ocrx_word' id='word_1_30' title='bbox 283 546 629 611; x_wconf 83' lang='grc' dir='ltr'><em>κατεκείμην,</em></span> <span class='ocrx_word' id='word_1_31' title='bbox 668 538 756 593; x_wconf 87' lang='grc' dir='ltr'><em>καὶ</em></span> <span class='ocrx_word' id='word_1_32' title='bbox 796 539 898 593; x_wconf 90' lang='grc' dir='ltr'><em>οὐκ</em></span> <span class='ocrx_word' id='word_1_33' title='bbox 938 539 1096 600; x_wconf 84' lang='grc' dir='ltr'><em>εἰδὼς</em></span> <span class='ocrx_word' id='word_1_34' title='bbox 1135 539 1184 589; x_wconf 84' lang='grc' dir='ltr'><em>εί</em></span> <span class='ocrx_word' id='word_1_35' title='bbox 1220 534 1638 606; x_wconf 79' lang='grc' dir='ltr'><em>περιφεύξομαι,</em></span> <span class='ocrx_word' id='word_1_36' title='bbox 1683 535 1818 599; x_wconf 87' lang='grc' dir='ltr'><em>πρὸς</em></span> 
     </span>
     <span class='ocr_line' id='line_1_6' title="bbox 141 624 1817 695; baseline -0.008 -7"><span class='ocrx_word' id='word_1_37' title='bbox 141 637 382 695; x_wconf 76' lang='grc' dir='ltr'><em>ἅπαντας</em></span> <span class='ocrx_word' id='word_1_38' title='bbox 419 633 547 693; x_wconf 87' lang='grc' dir='ltr'><em>τοὺς</em></span> <span class='ocrx_word' id='word_1_39' title='bbox 586 632 855 690; x_wconf 81' lang='grc' dir='ltr'><em>εἰσιόντας</em></span> <span class='ocrx_word' id='word_1_40' title='bbox 893 635 1091 680; x_wconf 89' lang='grc' dir='ltr'><em>τοῦτον</em></span> <span class='ocrx_word' id='word_1_41' title='bbox 1123 624 1428 693; x_wconf 86' lang='grc' dir='ltr'><em>ἀπέφαινον</em></span> <span class='ocrx_word' id='word_1_42' title='bbox 1467 625 1564 678; x_wconf 88' lang='grc' dir='ltr'><em>τὸν</em></span> <span class='ocrx_word' id='word_1_43' title='bbox 1601 630 1817 690; x_wconf 82' lang='grc' dir='ltr'><em>πρῶτον</em></span> 
     </span>
     <span class='ocr_line' id='line_1_7' title="bbox 138 706 1819 785; baseline -0.008 -10"><span class='ocrx_word' id='word_1_44' title='bbox 138 721 449 785; x_wconf 80' lang='grc' dir='ltr'><em>πατάξαντα</em></span> <span class='ocrx_word' id='word_1_45' title='bbox 487 717 576 772; x_wconf 88' lang='grc' dir='ltr'><em>καὶ</em></span> <span class='ocrx_word' id='word_1_46' title='bbox 616 719 680 770; x_wconf 83' lang='grc' dir='ltr'><em>τὰ</em></span> <span class='ocrx_word' id='word_1_47' title='bbox 719 713 936 769; x_wconf 81' lang='grc' dir='ltr'><em>πλεῖσθ’</em></span> <span class='ocrx_word' id='word_1_48' title='bbox 985 709 1062 767; x_wconf 78' lang='grc' dir='ltr'><em>ὧν</em></span> <span class='ocrx_word' id='word_1_49' title='bbox 1107 713 1384 782; x_wconf 77' lang='grc' dir='ltr'><em>ὑβρίσμην</em></span> <span class='ocrx_word' id='word_1_50' title='bbox 1423 706 1819 778; x_wconf 85' lang='grc' dir='ltr'><em>διαπεπραγμέ-</em></span> 
     </span>
     <span class='ocr_line' id='line_1_8' title="bbox 141 793 2002 878; baseline -0.008 -16"><span class='ocrx_word' id='word_1_51' title='bbox 141 830 262 878; x_wconf 82' lang='grc' dir='ltr'><em>νον,</em></span> <span class='ocrx_word' id='word_1_52' title='bbox 301 805 408 861; x_wconf 88' lang='grc' dir='ltr'><em>τότ’</em></span> <span class='ocrx_word' id='word_1_53' title='bbox 448 806 517 860; x_wconf 83' lang='grc' dir='ltr'><em>ἂν</em></span> <span class='ocrx_word' id='word_1_54' title='bbox 548 803 757 866; x_wconf 83' lang='grc' dir='ltr'><em>εὐθέως</em></span> <span class='ocrx_word' id='word_1_55' title='bbox 795 798 926 870; x_wconf 80' lang='grc' dir='ltr'><em>ἧκεν</em></span> <span class='ocrx_word' id='word_1_56' title='bbox 966 803 1106 871; x_wconf 83' lang='grc' dir='ltr'><em>ἔχων</em></span> <span class='ocrx_word' id='word_1_57' title='bbox 1146 800 1421 868; x_wconf 91' lang='grc' dir='ltr'><em>μάρτυρας</em></span> <span class='ocrx_word' id='word_1_58' title='bbox 1457 798 1696 859; x_wconf 86' lang='grc' dir='ltr'><em>πολλοὺς</em></span> <span class='ocrx_word' id='word_1_59' title='bbox 1732 793 1820 848; x_wconf 89' lang='grc' dir='ltr'><em>ἐπὶ</em></span> <span class='ocrx_word' id='word_1_60' title='bbox 1987 839 2002 854; x_wconf 65' lang='lat'><strong>„</strong></span> 
     </span>
     <span class='ocr_line' id='line_1_9' title="bbox 141 883 2009 966; baseline -0.009 -16"><span class='ocrx_word' id='word_1_61' title='bbox 141 899 242 966; x_wconf 88' lang='grc' dir='ltr'><em>τὴν</em></span> <span class='ocrx_word' id='word_1_62' title='bbox 282 899 488 963; x_wconf 82' lang='grc' dir='ltr'><em>οἰκίαν,</em></span> <span class='ocrx_word' id='word_1_63' title='bbox 527 890 637 946; x_wconf 86' lang='grc' dir='ltr'><em>τότ’</em></span> <span class='ocrx_word' id='word_1_64' title='bbox 685 891 753 944; x_wconf 81' lang='grc' dir='ltr'><em>ἂν</em></span> <span class='ocrx_word' id='word_1_65' title='bbox 800 892 928 952; x_wconf 86' lang='grc' dir='ltr'><em>τοὺς</em></span> <span class='ocrx_word' id='word_1_66' title='bbox 975 887 1182 950; x_wconf 81' lang='grc' dir='ltr'><em>οἰκέτας</em></span> <span class='ocrx_word' id='word_1_67' title='bbox 1229 887 1529 955; x_wconf 76' lang='grc' dir='ltr'><em>παρεδίδου</em></span> <span class='ocrx_word' id='word_1_68' title='bbox 1574 883 1666 938; x_wconf 89' lang='grc' dir='ltr'><em>καὶ</em></span> <span class='ocrx_word' id='word_1_69' title='bbox 1710 893 1821 936; x_wconf 79' lang='grc' dir='ltr'><em>τῶν</em></span> <span class='ocrx_word' id='word_1_70' title='bbox 1982 886 2009 939; x_wconf 65' lang='lat' dir='ltr'><em>ss</em></span> 
     </span>
     <span class='ocr_line' id='line_1_10' title="bbox 145 931 2011 1053; baseline -0.009 -14"><span class='ocrx_word' id='word_1_71' title='bbox 145 984 198 1049; x_wconf 83' lang='grc' dir='ltr'><em>ἐξ</em></span> <span class='ocrx_word' id='word_1_72' title='bbox 233 982 444 1053; x_wconf 88' lang='grc' dir='ltr'><em>Ἀρείου</em></span> <span class='ocrx_word' id='word_1_73' title='bbox 494 982 673 1049; x_wconf 92' lang='grc' dir='ltr'><em>πάγου</em></span> <span class='ocrx_word' id='word_1_74' title='bbox 722 979 872 1041; x_wconf 80' lang='grc' dir='ltr'><em>τινὰς</em></span> <span class='ocrx_word' id='word_1_75' title='bbox 917 975 1229 1044; x_wconf 79' lang='grc' dir='ltr'><em>παρεκάλει·</em></span> <span class='ocrx_word' id='word_1_76' title='bbox 1277 976 1328 1027; x_wconf 87' lang='grc' dir='ltr'><em>εί</em></span> <span class='ocrx_word' id='word_1_77' title='bbox 1371 974 1474 1042; x_wconf 78' lang='grc' dir='ltr'><em>γὰρ</em></span> <span class='ocrx_word' id='word_1_78' title='bbox 1522 972 1953 1038; x_wconf 77' lang='grc' dir='ltr'><em>ἀπε’θανον,126ῡ</em></span> <span class='ocrx_word' id='word_1_79' title='bbox 1979 931 2011 1041; x_wconf 61' lang='grc' dir='ltr'>Ξ</span> 
     </span>
    </p>

    <p class='ocr_par' dir='ltr' id='par_1_4' title="bbox 76 1048 2005 1757">
     <span class='ocr_line' id='line_1_11' title="bbox 76 1048 2005 1142; baseline -0.008 -16"><span class='ocrx_word' id='word_1_80' title='bbox 76 1089 120 1118; x_wconf 70' lang='lat'><em>29</em></span> <span class='ocrx_word' id='word_1_81' title='bbox 146 1068 272 1142; x_wconf 88' lang='grc' dir='ltr'><em>παρ’</em></span> <span class='ocrx_word' id='word_1_82' title='bbox 311 1072 539 1132; x_wconf 81' lang='grc' dir='ltr'><em>ἐκείνοις</em></span> <span class='ocrx_word' id='word_1_83' title='bbox 577 1068 645 1122; x_wconf 79' lang='grc' dir='ltr'><em>ἂν</em></span> <span class='ocrx_word' id='word_1_84' title='bbox 685 1063 755 1136; x_wconf 84' lang='grc' dir='ltr'><em>ἧν</em></span> <span class='ocrx_word' id='word_1_85' title='bbox 794 1065 826 1135; x_wconf 85' lang='grc' dir='ltr'><em>ἡ</em></span> <span class='ocrx_word' id='word_1_86' title='bbox 869 1067 1005 1134; x_wconf 88' lang='grc' dir='ltr'><em>δίκη.</em></span> <span class='ocrx_word' id='word_1_87' title='bbox 1069 1065 1119 1116; x_wconf 80' lang='grc' dir='ltr'><em>εἰ</em></span> <span class='ocrx_word' id='word_1_88' title='bbox 1151 1061 1197 1116; x_wconf 89' lang='grc' dir='ltr'><em>δ’</em></span> <span class='ocrx_word' id='word_1_89' title='bbox 1238 1059 1323 1132; x_wconf 82' lang='grc' dir='ltr'><em>ἄρ’</em></span> <span class='ocrx_word' id='word_1_90' title='bbox 1362 1062 1598 1130; x_wconf 86' lang='grc' dir='ltr'><em>ἠγνόησε</em></span> <span class='ocrx_word' id='word_1_91' title='bbox 1637 1068 1823 1125; x_wconf 82' lang='grc' dir='ltr'><em>ταῦτα,</em></span> <span class='ocrx_word' id='word_1_92' title='bbox 1984 1048 2005 1075; x_wconf 60' lang='lat'><em>&#39;⁴&#39;</em></span> 
     </span>
     <span class='ocr_line' id='line_1_12' title="bbox 147 1151 1826 1224; baseline -0.008 -11"><span class='ocrx_word' id='word_1_93' title='bbox 147 1159 235 1214; x_wconf 87' lang='grc' dir='ltr'><em>καὶ</em></span> <span class='ocrx_word' id='word_1_94' title='bbox 273 1168 435 1214; x_wconf 87' lang='grc' dir='ltr'><em>τοῦτο</em></span> <span class='ocrx_word' id='word_1_95' title='bbox 475 1159 535 1212; x_wconf 90' lang='grc' dir='ltr'><em>τὸ</em></span> <span class='ocrx_word' id='word_1_96' title='bbox 577 1158 792 1210; x_wconf 86' lang='grc' dir='ltr'><em>δίκαιον</em></span> <span class='ocrx_word' id='word_1_97' title='bbox 842 1157 1008 1224; x_wconf 83' lang='grc' dir='ltr'><em>ἔχων,</em></span> <span class='ocrx_word' id='word_1_98' title='bbox 1056 1152 1128 1214; x_wconf 83' lang='grc' dir='ltr'><em>ὡς</em></span> <span class='ocrx_word' id='word_1_99' title='bbox 1172 1159 1278 1204; x_wconf 90' lang='grc' dir='ltr'><em>νῦν</em></span> <span class='ocrx_word' id='word_1_100' title='bbox 1317 1153 1506 1220; x_wconf 85' lang='grc' dir='ltr'><em>φήσει,</em></span> <span class='ocrx_word' id='word_1_101' title='bbox 1552 1151 1624 1218; x_wconf 89' lang='grc' dir='ltr'><em>μή</em></span> <span class='ocrx_word' id='word_1_102' title='bbox 1662 1166 1826 1217; x_wconf 84' lang='grc' dir='ltr'><em>παρε-</em></span> 
     </span>
     <span class='ocr_line' id='line_1_13' title="bbox 149 1235 1827 1314; baseline -0.008 -12"><span class='ocrx_word' id='word_1_103' title='bbox 149 1243 434 1302; x_wconf 88' lang='grc' dir='ltr'><em>σκευάσατ’</em></span> <span class='ocrx_word' id='word_1_104' title='bbox 479 1242 616 1314; x_wconf 77' lang='grc' dir='ltr'><em>ὑπὲρ</em></span> <span class='ocrx_word' id='word_1_105' title='bbox 662 1243 989 1313; x_wconf 87' lang='grc' dir='ltr'><em>τηλικούτου</em></span> <span class='ocrx_word' id='word_1_106' title='bbox 1035 1239 1331 1306; x_wconf 84' lang='grc' dir='ltr'><em>κινδύνου,</em></span> <span class='ocrx_word' id='word_1_107' title='bbox 1378 1237 1562 1307; x_wconf 85' lang='grc' dir='ltr'><em>ἐπειδή</em></span> <span class='ocrx_word' id='word_1_108' title='bbox 1609 1235 1659 1305; x_wconf 89' lang='grc' dir='ltr'><em>γ’</em></span> <span class='ocrx_word' id='word_1_109' title='bbox 1705 1235 1827 1289; x_wconf 85' lang='grc' dir='ltr'><em>ἀνε-</em></span> 
     </span>
     <span class='ocr_line' id='line_1_14' title="bbox 148 1325 1828 1405; baseline -0.008 -15"><span class='ocrx_word' id='word_1_110' title='bbox 148 1336 354 1405; x_wconf 83' lang='grc' dir='ltr'><em>στηκὼς</em></span> <span class='ocrx_word' id='word_1_111' title='bbox 414 1335 517 1403; x_wconf 79' lang='grc' dir='ltr'><em>ἤδη</em></span> <span class='ocrx_word' id='word_1_112' title='bbox 581 1330 1063 1401; x_wconf 85' lang='grc' dir='ltr'><em>προσεκαλεσάμην</em></span> <span class='ocrx_word' id='word_1_113' title='bbox 1127 1327 1326 1394; x_wconf 87' lang='grc' dir='ltr'><em>αὐτόν,</em></span> <span class='ocrx_word' id='word_1_114' title='bbox 1397 1325 1456 1378; x_wconf 84' lang='grc' dir='ltr'><em>ἐν</em></span> <span class='ocrx_word' id='word_1_115' title='bbox 1517 1333 1580 1395; x_wconf 79' lang='grc' dir='ltr'><em>τῇ</em></span> <span class='ocrx_word' id='word_1_116' title='bbox 1641 1325 1828 1394; x_wconf 82' lang='grc' dir='ltr'><em>πρώτῃ</em></span> 
     </span>
     <span class='ocr_line' id='line_1_15' title="bbox 146 1411 1827 1495; baseline -0.007 -18"><span class='ocrx_word' id='word_1_117' title='bbox 146 1424 368 1495; x_wconf 77' lang='grc' dir='ltr'><em>συνόδῳ</em></span> <span class='ocrx_word' id='word_1_118' title='bbox 427 1423 563 1491; x_wconf 86' lang='grc' dir='ltr'><em>πρὸς</em></span> <span class='ocrx_word' id='word_1_119' title='bbox 619 1427 692 1491; x_wconf 75' lang='grc' dir='ltr'><em>τῷ</em></span> <span class='ocrx_word' id='word_1_120' title='bbox 754 1420 1000 1486; x_wconf 79' lang='grc' dir='ltr'><em>διαιτητῇ</em></span> <span class='ocrx_word' id='word_1_121' title='bbox 1051 1416 1391 1484; x_wconf 86' lang='grc' dir='ltr'><em>παραδιδοὺς</em></span> <span class='ocrx_word' id='word_1_122' title='bbox 1441 1411 1678 1483; x_wconf 85' lang='grc' dir='ltr'><em>ἐφαίνετ’</em></span> <span class='ocrx_word' id='word_1_123' title='bbox 1732 1413 1827 1465; x_wconf 75' lang='grc' dir='ltr'><em>ἄν·</em></span> 
     </span>
     <span class='ocr_line' id='line_1_16' title="bbox 149 1498 1830 1578; baseline -0.008 -13"><span class='ocrx_word' id='word_1_124' title='bbox 149 1508 228 1565; x_wconf 83' lang='grc' dir='ltr'><em>ὧν</em></span> <span class='ocrx_word' id='word_1_125' title='bbox 275 1507 441 1565; x_wconf 75' lang='grc' dir='ltr'><em>οὐδὲν</em></span> <span class='ocrx_word' id='word_1_126' title='bbox 487 1508 788 1578; x_wconf 89' lang='grc' dir='ltr'><em>πέπρακται</em></span> <span class='ocrx_word' id='word_1_127' title='bbox 835 1507 1026 1577; x_wconf 76' lang='grc' dir='ltr'><em>τούτῳ.</em></span> <span class='ocrx_word' id='word_1_128' title='bbox 1098 1504 1180 1556; x_wconf 82' lang='grc' dir='ltr'><em>ὅτι</em></span> <span class='ocrx_word' id='word_1_129' title='bbox 1229 1500 1278 1555; x_wconf 86' lang='grc' dir='ltr'><em>δ’</em></span> <span class='ocrx_word' id='word_1_130' title='bbox 1325 1501 1506 1571; x_wconf 84' lang='grc' dir='ltr'><em>ἀληθῆ</em></span> <span class='ocrx_word' id='word_1_131' title='bbox 1555 1500 1693 1570; x_wconf 82' lang='grc' dir='ltr'><em>λέγω</em></span> <span class='ocrx_word' id='word_1_132' title='bbox 1739 1498 1830 1553; x_wconf 88' lang='grc' dir='ltr'><em>καὶ</em></span> 
     </span>
     <span class='ocr_line' id='line_1_17' title="bbox 148 1588 1831 1667; baseline -0.008 -14"><span class='ocrx_word' id='word_1_133' title='bbox 148 1599 519 1667; x_wconf 80' lang='grc' dir='ltr'><em>διακρούσεως</em></span> <span class='ocrx_word' id='word_1_134' title='bbox 569 1592 710 1665; x_wconf 81' lang='grc' dir='ltr'><em>ἕνεχ’</em></span> <span class='ocrx_word' id='word_1_135' title='bbox 768 1593 801 1662; x_wconf 84' lang='grc' dir='ltr'>ἡ</span> <span class='ocrx_word' id='word_1_136' title='bbox 852 1595 1148 1663; x_wconf 89' lang='grc' dir='ltr'><em>πρόκλησις</em></span> <span class='ocrx_word' id='word_1_137' title='bbox 1185 1588 1285 1660; x_wconf 82' lang='grc' dir='ltr'><em>ἦν,</em></span> <span class='ocrx_word' id='word_1_138' title='bbox 1332 1588 1452 1658; x_wconf 83' lang='grc' dir='ltr'><em>λέγε</em></span> <span class='ocrx_word' id='word_1_139' title='bbox 1490 1590 1693 1658; x_wconf 92' lang='grc' dir='ltr'><em>ταύτην</em></span> <span class='ocrx_word' id='word_1_140' title='bbox 1730 1589 1831 1658; x_wconf 86' lang='grc' dir='ltr'><em>τὴν</em></span> 
     </span>
     <span class='ocr_line' id='line_1_18' title="bbox 151 1680 1447 1757; baseline -0.008 -16"><span class='ocrx_word' id='word_1_141' title='bbox 151 1690 476 1757; x_wconf 87' lang='grc' dir='ltr'><em>μαρτυρίαν·</em></span> <span class='ocrx_word' id='word_1_142' title='bbox 518 1687 667 1738; x_wconf 86' lang='grc' dir='ltr'><em>ἔσται</em></span> <span class='ocrx_word' id='word_1_143' title='bbox 706 1683 809 1751; x_wconf 84' lang='grc' dir='ltr'><em>γὰρ</em></span> <span class='ocrx_word' id='word_1_144' title='bbox 851 1680 908 1734; x_wconf 90' lang='grc' dir='ltr'><em>ἐκ</em></span> <span class='ocrx_word' id='word_1_145' title='bbox 947 1680 1145 1748; x_wconf 86' lang='grc' dir='ltr'><em>ταύτης</em></span> <span class='ocrx_word' id='word_1_146' title='bbox 1185 1680 1447 1748; x_wconf 89' lang='grc' dir='ltr'><em>φανερόν.</em></span> 
     </span>
    </p>
   </div>
   <div class='ocr_carea' id='block_1_3' title="bbox 1886 0 2011 605">
    <p class='ocr_par' dir='ltr' id='par_1_5' title="bbox 1886 0 2011 605">
     <span class='ocr_line' id='line_1_19' title="bbox 1886 0 2011 605; baseline 0 2553"><span class='ocrx_word' id='word_1_147' title='bbox 1886 0 2011 605; x_wconf 95' lang='lat' dir='ltr'><em> </em></span> 
     </span>
    </p>
   </div>
   <div class='ocr_carea' id='block_1_4' title="bbox 839 1842 1153 1883">
    <p class='ocr_par' dir='ltr' id='par_1_6' title="bbox 839 1842 1153 1883">
     <span class='ocr_line' id='line_1_20' title="bbox 839 1842 1153 1883; baseline -0.003 0"><span class='ocrx_word' id='word_1_148' title='bbox 839 1842 1153 1883; x_wconf 79' lang='grc' dir='ltr'><strong>ΜΑΡΤΥΡΙΑ.</strong></span> 
     </span>
    </p>
   </div>
   <div class='ocr_carea' id='block_1_5' title="bbox 88 1939 1848 2986">
    <p class='ocr_par' dir='ltr' id='par_1_7' title="bbox 88 1939 1848 2986">
     <span class='ocr_line' id='line_1_21' title="bbox 88 1939 1836 2020; baseline -0.008 -14"><span class='ocrx_word' id='word_1_149' title='bbox 88 1967 131 1997; x_wconf 72' lang='grc' dir='ltr'><em>ἰο</em></span> <span class='ocrx_word' id='word_1_150' title='bbox 269 1949 408 2020; x_wconf 89' lang='grc' dir='ltr'><em>Περὶ</em></span> <span class='ocrx_word' id='word_1_151' title='bbox 441 1947 541 2018; x_wconf 76' lang='grc' dir='ltr'><em>μὲν</em></span> <span class='ocrx_word' id='word_1_152' title='bbox 572 1951 764 2001; x_wconf 91' lang='grc' dir='ltr'><em>τοίνυν</em></span> <span class='ocrx_word' id='word_1_153' title='bbox 796 1953 889 2014; x_wconf 87' lang='grc' dir='ltr'><em>τῆς</em></span> <span class='ocrx_word' id='word_1_154' title='bbox 921 1943 1166 2014; x_wconf 88' lang='grc' dir='ltr'><em>βασάνου</em></span> <span class='ocrx_word' id='word_1_155' title='bbox 1199 1951 1366 1996; x_wconf 91' lang='grc' dir='ltr'><em>ταῦτα</em></span> <span class='ocrx_word' id='word_1_156' title='bbox 1397 1939 1698 2010; x_wconf 89' lang='grc' dir='ltr'><em>μέμνησθε,</em></span> <span class='ocrx_word' id='word_1_157' title='bbox 1735 1942 1836 2008; x_wconf 88' lang='grc' dir='ltr'><em>τὴν</em></span> 
     </span>
     <span class='ocr_line' id='line_1_22' title="bbox 158 2026 1829 2110; baseline -0.008 -16"><span class='ocrx_word' id='word_1_158' title='bbox 158 2043 306 2110; x_wconf 81' lang='grc' dir='ltr'><em>ὥραν</em></span> <span class='ocrx_word' id='word_1_159' title='bbox 359 2038 519 2107; x_wconf 82' lang='grc' dir='ltr'><em>ἡνίκα</em></span> <span class='ocrx_word' id='word_1_160' title='bbox 573 2035 959 2105; x_wconf 82' lang='grc' dir='ltr'><em>προύκαλεῖτο,</em></span> <span class='ocrx_word' id='word_1_161' title='bbox 1023 2027 1099 2084; x_wconf 85' lang='grc' dir='ltr'><em>ὧν</em></span> <span class='ocrx_word' id='word_1_162' title='bbox 1154 2028 1290 2084; x_wconf 79' lang='grc' dir='ltr'><em>ἕνεκ’</em></span> <span class='ocrx_word' id='word_1_163' title='bbox 1353 2028 1630 2099; x_wconf 85' lang='grc' dir='ltr'><em>ἐκκρούων</em></span> <span class='ocrx_word' id='word_1_164' title='bbox 1682 2026 1829 2082; x_wconf 86' lang='grc' dir='ltr'><em>ταῦτ’</em></span> 
     </span>
     <span class='ocr_line' id='line_1_23' title="bbox 158 2111 1840 2196; baseline -0.008 -14"><span class='ocrx_word' id='word_1_165' title='bbox 158 2130 359 2196; x_wconf 83' lang='grc' dir='ltr'><em>ἐποίει,</em></span> <span class='ocrx_word' id='word_1_166' title='bbox 409 2128 536 2188; x_wconf 87' lang='grc' dir='ltr'><em>τοὺς</em></span> <span class='ocrx_word' id='word_1_167' title='bbox 586 2126 819 2195; x_wconf 88' lang='grc' dir='ltr'><em>χρόνους</em></span> <span class='ocrx_word' id='word_1_168' title='bbox 867 2123 996 2183; x_wconf 85' lang='grc' dir='ltr'><em>τοὺς</em></span> <span class='ocrx_word' id='word_1_169' title='bbox 1041 2121 1318 2189; x_wconf 83' lang='grc' dir='ltr'><em>πρώτους,</em></span> <span class='ocrx_word' id='word_1_170' title='bbox 1372 2118 1431 2171; x_wconf 87' lang='grc' dir='ltr'><em>ἐν</em></span> <span class='ocrx_word' id='word_1_171' title='bbox 1471 2111 1552 2180; x_wconf 85' lang='grc' dir='ltr'><em>οἷς</em></span> <span class='ocrx_word' id='word_1_172' title='bbox 1592 2117 1840 2185; x_wconf 87' lang='grc' dir='ltr'><em>οὐδαμοῦ</em></span> 
     </span>
     <span class='ocr_line' id='line_1_24' title="bbox 158 2204 1841 2284; baseline -0.008 -14"><span class='ocrx_word' id='word_1_173' title='bbox 158 2224 318 2270; x_wconf 85' lang='grc' dir='ltr'><em>τοῦτο</em></span> <span class='ocrx_word' id='word_1_174' title='bbox 367 2207 665 2284; x_wconf 87' lang='grc' dir='ltr'><em>βουληθεὶς</em></span> <span class='ocrx_word' id='word_1_175' title='bbox 711 2213 770 2264; x_wconf 91' lang='grc' dir='ltr'><em>τὸ</em></span> <span class='ocrx_word' id='word_1_176' title='bbox 821 2211 1034 2263; x_wconf 90' lang='grc' dir='ltr'><em>δίκαιον</em></span> <span class='ocrx_word' id='word_1_177' title='bbox 1084 2208 1227 2279; x_wconf 76' lang='grc' dir='ltr'><em>αὑτῷ</em></span> <span class='ocrx_word' id='word_1_178' title='bbox 1271 2204 1529 2275; x_wconf 89' lang='grc' dir='ltr'><em>γενέσθαι</em></span> <span class='ocrx_word' id='word_1_179' title='bbox 1570 2209 1841 2275; x_wconf 89' lang='grc' dir='ltr'><em>φαίνεται,</em></span> 
     </span>
     <span class='ocr_line' id='line_1_25' title="bbox 159 2294 1841 2369; baseline -0.008 -11"><span class='ocrx_word' id='word_1_180' title='bbox 159 2300 289 2358; x_wconf 74' lang='grc' dir='ltr'><em>οὐδὲ</em></span> <span class='ocrx_word' id='word_1_181' title='bbox 339 2300 841 2369; x_wconf 86' lang='grc' dir='ltr'><em>προκαλεσάμενος,</em></span> <span class='ocrx_word' id='word_1_182' title='bbox 901 2294 1020 2351; x_wconf 91' lang='grc' dir='ltr'><em>οὐδ’</em></span> <span class='ocrx_word' id='word_1_183' title='bbox 1081 2296 1325 2359; x_wconf 82' lang='grc' dir='ltr'><em>ἀξιώσας.</em></span> <span class='ocrx_word' id='word_1_184' title='bbox 1408 2294 1592 2362; x_wconf 88' lang='grc' dir='ltr'><em>ἐπειδὴ</em></span> <span class='ocrx_word' id='word_1_185' title='bbox 1650 2296 1841 2347; x_wconf 91' lang='grc' dir='ltr'><em>τοίνυν</em></span> 
     </span>
     <span class='ocr_line' id='line_1_26' title="bbox 159 2382 1842 2456; baseline -0.007 -11"><span class='ocrx_word' id='word_1_186' title='bbox 159 2400 327 2445; x_wconf 86' lang='grc' dir='ltr'><em>ταῦτα</em></span> <span class='ocrx_word' id='word_1_187' title='bbox 365 2387 523 2442; x_wconf 89' lang='grc' dir='ltr'><em>πάντ’</em></span> <span class='ocrx_word' id='word_1_188' title='bbox 560 2384 839 2456; x_wconf 82' lang='grc' dir='ltr'><em>ἠλέγχεθ’,</em></span> <span class='ocrx_word' id='word_1_189' title='bbox 879 2386 1015 2453; x_wconf 75' lang='grc' dir='ltr'><em>ἅπερ</em></span> <span class='ocrx_word' id='word_1_190' title='bbox 1057 2382 1146 2437; x_wconf 85' lang='grc' dir='ltr'><em>καὶ</em></span> <span class='ocrx_word' id='word_1_191' title='bbox 1188 2391 1311 2450; x_wconf 90' lang='grc' dir='ltr'><em>νῦν,</em></span> <span class='ocrx_word' id='word_1_192' title='bbox 1350 2384 1485 2451; x_wconf 91' lang='grc' dir='ltr'><em>πρὸς</em></span> <span class='ocrx_word' id='word_1_193' title='bbox 1523 2389 1596 2452; x_wconf 81' lang='grc' dir='ltr'><em>τῷ</em></span> <span class='ocrx_word' id='word_1_194' title='bbox 1638 2383 1842 2450; x_wconf 85' lang='grc' dir='ltr'><em>διαιτη-</em></span> 
     </span>
     <span class='ocr_line' id='line_1_27' title="bbox 162 2470 1845 2548; baseline -0.005 -17"><span class='ocrx_word' id='word_1_195' title='bbox 162 2486 259 2548; x_wconf 78' lang='grc' dir='ltr'><em>τῇ,</em></span> <span class='ocrx_word' id='word_1_196' title='bbox 320 2476 411 2531; x_wconf 85' lang='grc' dir='ltr'><em>καὶ</em></span> <span class='ocrx_word' id='word_1_197' title='bbox 473 2485 723 2545; x_wconf 81' lang='grc' dir='ltr'><em>φανερῶς</em></span> <span class='ocrx_word' id='word_1_198' title='bbox 779 2473 1058 2526; x_wconf 82' lang='grc' dir='ltr'><em>ἐδείκνυτο</em></span> <span class='ocrx_word' id='word_1_199' title='bbox 1121 2479 1289 2523; x_wconf 84' lang='grc' dir='ltr'><em>πᾶσιν</em></span> <span class='ocrx_word' id='word_1_200' title='bbox 1353 2470 1429 2522; x_wconf 83' lang='grc' dir='ltr'><em>ὢν</em></span> <span class='ocrx_word' id='word_1_201' title='bbox 1486 2472 1674 2540; x_wconf 88' lang='grc' dir='ltr'><em>ε”νοχος</em></span> <span class='ocrx_word' id='word_1_202' title='bbox 1731 2479 1845 2532; x_wconf 85' lang='grc' dir='ltr'><em>τοῖς</em></span> 
     </span>
     <span class='ocr_line' id='line_1_28' title="bbox 98 2557 1845 2635; baseline -0.007 -15"><span class='ocrx_word' id='word_1_203' title='bbox 98 2582 135 2613; x_wconf 76' lang='lat'><em>8¹</em></span> <span class='ocrx_word' id='word_1_204' title='bbox 169 2563 599 2635; x_wconf 81' lang='grc' dir='ltr'><em>ἐγκεκλημένοις,</em></span> <span class='ocrx_word' id='word_1_205' title='bbox 640 2562 961 2631; x_wconf 85' lang='grc' dir='ltr'><em>ἐμβάλλεται</em></span> <span class='ocrx_word' id='word_1_206' title='bbox 1001 2561 1304 2628; x_wconf 86' lang='grc' dir='ltr'><em>μαρτυρίαν</em></span> <span class='ocrx_word' id='word_1_207' title='bbox 1344 2559 1547 2626; x_wconf 84' lang='grc' dir='ltr'><em>ψευδῆ,</em></span> <span class='ocrx_word' id='word_1_208' title='bbox 1584 2557 1845 2626; x_wconf 90' lang='grc' dir='ltr'><em>κάπιγρά-</em></span> 
     </span>
     <span class='ocr_line' id='line_1_29' title="bbox 165 2644 1847 2723; baseline -0.005 -17"><span class='ocrx_word' id='word_1_209' title='bbox 165 2674 323 2723; x_wconf 90' lang='grc' dir='ltr'><em>φεται</em></span> <span class='ocrx_word' id='word_1_210' title='bbox 363 2653 637 2722; x_wconf 90' lang='grc' dir='ltr'><em>μάρτυρας</em></span> <span class='ocrx_word' id='word_1_211' title='bbox 684 2650 1015 2717; x_wconf 86' lang='grc' dir='ltr'><em>ἀνθρώπους</em></span> <span class='ocrx_word' id='word_1_212' title='bbox 1063 2647 1157 2709; x_wconf 87' lang='grc' dir='ltr'><em>οὓς</em></span> <span class='ocrx_word' id='word_1_213' title='bbox 1204 2644 1324 2699; x_wconf 83' lang='grc' dir='ltr'><em>οὐδ’</em></span> <span class='ocrx_word' id='word_1_214' title='bbox 1368 2646 1508 2714; x_wconf 85' lang='grc' dir='ltr'><em>ὑμᾶς</em></span> <span class='ocrx_word' id='word_1_215' title='bbox 1553 2644 1847 2714; x_wconf 87' lang='grc' dir='ltr'><em>ἀγνοήσειν</em></span> 
     </span>
     <span class='ocr_line' id='line_1_30' title="bbox 167 2731 1847 2809; baseline -0.005 -14"><span class='ocrx_word' id='word_1_216' title='bbox 167 2747 382 2809; x_wconf 80' lang='grc' dir='ltr'><em>οἴομαι,</em></span> <span class='ocrx_word' id='word_1_217' title='bbox 432 2739 528 2792; x_wconf 82' lang='grc' dir='ltr'><em>ἐὰν</em></span> <span class='ocrx_word' id='word_1_218' title='bbox 578 2738 873 2805; x_wconf 83' lang='grc' dir='ltr'><em>ἀκούσητε,</em></span> <span class='ocrx_word' id='word_1_219' title='bbox 927 2736 1218 2803; x_wconf 59' lang='grc' dir='ltr'><em>εΔιότιμος</em></span> <span class='ocrx_word' id='word_1_220' title='bbox 1269 2737 1538 2801; x_wconf 89' lang='grc' dir='ltr'><em>Διοτίμου</em></span> <span class='ocrx_word' id='word_1_221' title='bbox 1572 2731 1847 2802; x_wconf 87' lang='grc' dir='ltr'><em>Ἰκαριεύς,</em></span> 
     </span>
     <span class='ocr_line' id='line_1_31' title="bbox 162 2820 1847 2899; baseline -0.004 -18"><span class='ocrx_word' id='word_1_222' title='bbox 162 2828 516 2899; x_wconf 87' lang='grc' dir='ltr'><em>Ἀρχεβιάδης</em></span> <span class='ocrx_word' id='word_1_223' title='bbox 556 2824 909 2895; x_wconf 88' lang='grc' dir='ltr'><em>Δημοτέλους</em></span> <span class='ocrx_word' id='word_1_224' title='bbox 954 2822 1227 2890; x_wconf 80' lang='grc' dir='ltr'><em>Ἁλαιεύς,</em></span> <span class='ocrx_word' id='word_1_225' title='bbox 1285 2820 1606 2891; x_wconf 86' lang='grc' dir='ltr'><em>Χαιρέτιμος</em></span> <span class='ocrx_word' id='word_1_226' title='bbox 1659 2825 1847 2891; x_wconf 77' lang='grc' dir='ltr'><em>Χαιρι-</em></span> 
     </span>
     <span class='ocr_line' id='line_1_32' title="bbox 170 2908 1848 2986; baseline -0.005 -16"><span class='ocrx_word' id='word_1_227' title='bbox 170 2916 369 2986; x_wconf 83' lang='grc' dir='ltr'><em>μένους</em></span> <span class='ocrx_word' id='word_1_228' title='bbox 405 2917 618 2977; x_wconf 87' lang='grc' dir='ltr'><em>Πιθεὺς</em></span> <span class='ocrx_word' id='word_1_229' title='bbox 651 2920 1024 2985; x_wconf 88' lang='grc' dir='ltr'><em>μαρτυροῦσιν</em></span> <span class='ocrx_word' id='word_1_230' title='bbox 1056 2909 1272 2964; x_wconf 89' lang='grc' dir='ltr'><em>ἀπιέναι</em></span> <span class='ocrx_word' id='word_1_231' title='bbox 1304 2908 1408 2963; x_wconf 89' lang='grc' dir='ltr'><em>ἀπὸ</em></span> <span class='ocrx_word' id='word_1_232' title='bbox 1450 2910 1677 2964; x_wconf 88' lang='grc' dir='ltr'><em>δείπνου</em></span> <span class='ocrx_word' id='word_1_233' title='bbox 1716 2910 1848 2978; x_wconf 82' lang='grc' dir='ltr'><em>μετὰ</em></span> 
     </span>
    </p>
   </div>
  </div>
 </body>
</html>
