2035 3158
139 165 245 216 1:20
600 167 778 210 nvn.
827 164 1334 223 [ΔΗΜΟΣΘΕΝΟΤΣ]

139 297 494 365 ἐκαλίστρουν
533 299 660 359 τοὺς
697 300 1011 365 παριόντας,
1051 299 1109 351 οἷ
1143 297 1204 351 δὲ
1243 296 1332 350 καὶ
1371 300 1450 360 εἰς
1487 299 1586 366 τὴν
1628 295 1818 366 ἑτέραν

139 385 272 437 ὁδὸν
306 384 562 446 ἐλθόντες
591 383 681 437 καὶ
711 386 920 448 ἰδόντες
944 384 1274 455 Ἁγνόφιλον
1306 388 1573 453 παριόντα
1607 384 1817 438 ἐκέλευ-

140 487 242 523 σαν
281 471 702 541 παραγενέσθαι.
764 474 1092 541 προσελθὼν
1133 470 1193 526 δὲ
1227 474 1254 527 ὁ
1288 471 1614 542 Ἁγνόφιλος
1651 486 1820 540 προσ-

139 558 361 626 κληθεὶς
400 559 504 612 ὑπὸ
537 567 634 612 τοῦ
665 561 1009 628 θεράποντος
1049 570 1146 614 τοῦ
1182 558 1569 628 Ἀνθεμίωνος,
1609 560 1667 622 ὅς
1706 558 1825 612 ἐστί

139 666 230 713 μοι
272 651 495 715 γείτων,
534 649 610 709 εἰς
650 645 749 716 μὲν
789 649 887 715 τὴν
929 650 1108 701 οἰκίαν
1149 648 1249 701 οὐκ
1287 651 1545 716 εἰσῆλθεν
1584 646 1675 717 (οὐ
1713 647 1819 715 γὰρ

139 734 319 801 ἡγεῖτο
361 735 573 788 δίκαιον
615 731 754 787 εἶναι
795 738 866 803 μὴ
921 739 1191 802 παρόντος
1230 755 1288 804 γε
1329 743 1428 789 τοῦ
1466 733 1713 805 κυρίου),
1760 733 1821 786 ἐν

140 819 197 873 ὄε
239 829 310 891 τῷ
353 831 449 874 τοῦ
484 819 853 890 Ἀνθεμίωνος
904 827 1083 895 χωρίω
1138 844 1214 876 ων
1263 823 1403 892 ἑώρα
1453 824 1517 875 τά
1557 843 1612 875 τε
1653 823 1818 890 σκεύη

141 908 474 1014 ἐκφερόμενα
530 908 618 961 καὶ
673 911 924 978 Εὔεργον
979 910 1069 963 καὶ
1123 914 1415 980 Θεόφημον
1467 910 1708 974 ἐξιόντας
1761 909 1820 962 ἐκ

73 1013 112 1044 61
140 1005 231 1064 τῆς
272 996 398 1065 ἐμῆς
439 999 610 1059 οι’κιας
689 999 754 1052 οὐ
795 1002 967 1067 μόνον
1014 1003 1206 1052 τοίνυν
1247 996 1287 1051 ὧ
1329 1000 1525 1066 αἰὸρες
1572 995 1820 1051 δικασταὶ

140 1088 399 1153 λαβόντες
449 1105 554 1153 μου
608 1087 672 1138 τὰ
725 1088 889 1155 σκεύη
943 1085 1182 1158 ω’χοντυ,
1230 1085 1503 1139 ἀλλὰκαὶ
1548 1088 1645 1140 τὸν
1693 1086 1821 1138 υιὸν

142 1170 276 1240 ἦγον
317 1173 388 1234 ὡς
429 1171 662 1241 οἰκέτην,
702 1195 801 1236 εως
840 1184 948 1227 τῶν
981 1177 1245 1242 γειτόνων
1286 1173 1393 1226 ἀπα
1401 1178 1597 1241 ντῄσας
1634 1172 1821 1234 αὐτοῖς

1527 1268 1548 1277 -
1587 1257 1598 1277 ,
1654 1259 1666 1278 ,

132 1259 464 1329 Ερμογένης
503 1257 654 1313 εἶπεν
688 1261 769 1313 ὅτι
806 1262 922 1324 υιός
955 1282 1061 1330 μου
1094 1268 1192 1329 εἴη.
1256 1263 1327 1323 ὡς
1360 1258 1418 1314 ὁε
1451 1281 1582 1313 ταυτ
1639 1264 1819 1327 αληθῆ

139 1347 306 1415 λε’,γω
345 1347 719 1416 ἀναγνώσεται
758 1349 890 1417 ὑμῖν
930 1370 1023 1411 τας
1063 1353 1373 1418 μαρτυριᾝας

804 1511 1142 1552 ΜΑΡΤΤΡΙΑΙ.

74 1631 116 1663 62
245 1610 462 1681 Ἐπειδὴ
504 1616 694 1665 τοίνυν
741 1633 837 1681 μοι
881 1612 1199 1681 ἀπηγγέλθη
1241 1615 1316 1675 εἰς
1355 1616 1590 1680 Πειραιᾶ
1627 1613 1693 1664 τὰ
1731 1630 1820 1679 γε·

139 1699 410 1768 γενημένα
442 1701 548 1754 ὑπὸ
593 1711 702 1753 τῶν
735 1704 1018 1769 γειτόνων,
1060 1701 1241 1754 ἐλθὼν
1274 1703 1350 1764 εἰς
1389 1700 1559 1769 ἀγρὸν
1592 1700 1821 1761 τούτους

139 1785 238 1857 μὲν
271 1787 450 1841 οὐκέτι
482 1789 899 1858 καταλαμβάνω,
940 1790 1074 1841 ι’ὀὼν
1109 1786 1168 1841 ὁὲ
1201 1790 1264 1841 τὰ
1297 1789 1354 1842 ἐκ
1392 1796 1486 1856 τῆς
1525 1789 1697 1850 οἰκίας
1735 1787 1820 1841 ἐκκ-

138 1876 488 1945 πεφορημένα
535 1875 623 1929 καὶ
673 1879 770 1945 τὴν
819 1885 994 1946 γραῦν
1044 1878 1115 1939 ὡς
1162 1876 1416 1946 διέκειτο,
1464 1874 1554 1928 καὶ
1600 1874 1819 1928 ἀκούων

138 1973 229 2031 τῆς
280 1966 538 2032 γυναικὸς
591 1965 655 2016 τὰ
707 1968 999 2033 γενόμενα,
1050 1965 1375 2033 προσελθὼν
1422 1970 1494 2035 τῷ
1546 1965 1817 2036 Θεοφήμῳ
1835 1979 1986 2019 1158‘

139 2061 199 2121 τῇ
242 2052 498 2122 ὑστεραίᾳ
539 2052 716 2105 ἕωθεν
766 2052 824 2105 ἐν
877 2060 938 2121 τῇ
978 2055 1132 2104 πόλει
1173 2052 1449 2120 μάρτυρας
1487 2054 1655 2121 ἔχων,
1706 2050 1817 2104 ἐκέ-

138 2146 301 2194 λευον
341 2140 509 2194 αὐτὸν
547 2150 763 2209 πρῶτον
804 2137 902 2208 μὲν
942 2142 1041 2208 τὴν
1073 2141 1368 2208 καταδίκην
1409 2139 1817 2208 ἀπολαμβάνειν

137 2229 221 2281 καὶ
268 2227 601 2281 ἀκολουθεῖν
641 2227 726 2280 ε’πὶ
767 2229 867 2296 τὴν
907 2229 1199 2296 τράπεζαν,
1240 2230 1420 2281 ἔπειτα
1459 2229 1558 2296 τὴν
1598 2229 1817 2295 ἄνθρω-

135 2337 242 2370 πον
280 2318 611 2381 θεραπεύειν
645 2316 713 2384 ἣν
748 2316 1077 2383 συνέκοψαν,
1118 2314 1206 2368 καὶ
1247 2317 1434 2384 ἰατρὸν
1473 2315 1711 2383 εἰσάγειν
1751 2314 1818 2368 ὃν

69 2429 112 2460 63
138 2403 293 2458 αὐτοὶ
333 2405 640 2473 βούλοιντο.
704 2413 870 2458 ταῦτα
912 2404 974 2456 ὁέ
1021 2424 1126 2472 μου
1167 2403 1421 2471 λέγοντος
1460 2401 1548 2456 καὶ
1589 2405 1816 2471 διαμαρ-

136 2491 467 2562 τυρομένου,
513 2493 649 2544 κακά
697 2511 762 2560 με
809 2493 982 2544 πολλὰ
1030 2493 1272 2554 εἰπόντες
1311 2492 1340 2545 ὁ
1381 2487 1481 2559 μὲν
1531 2493 1818 2559 Θεόφημος

136 2582 433 2648 ἠκολούθει
474 2582 647 2648 μόλις,
688 2581 971 2648 διατριβὰς
1011 2579 1250 2648 ἐμποιῶν
1290 2577 1381 2631 καὶ
1419 2579 1646 2647 φάσκων
1685 2580 1816 2647 βού-

137 2673 331 2721 λεσθαι
378 2666 467 2720 καὶ
515 2667 676 2729 αὐτός
723 2687 874 2729 τινας
919 2670 1255 2735 παραλαβεῖν
1303 2667 1577 2735 μάρτυρας
1625 2663 1815 2735 (ταῦτα

136 2753 186 2808 ὁ’
234 2759 380 2823 ἔλεγε
414 2755 682 2824 τεχνάζων
715 2763 813 2808 τοῦ
845 2757 1047 2824 χρόνον
1080 2752 1447 2825 ἐγγενέσθαι),
1486 2754 1515 2808 ὁ
1550 2750 1602 2807 δ’
1641 2754 1815 2820 Εὔερ·

135 2864 231 2911 γος
269 2841 457 2897 οὑτοσὶ
497 2843 665 2905 εὐθὺς
713 2842 771 2895 ἐκ
822 2851 914 2910 τῆς
951 2846 1158 2904 πόλεως
1197 2839 1321 2910 μεθ’
1371 2840 1567 2912 ἑτέρων
1609 2841 1815 2910 ὁμοίων

135 2932 282 3004 αὐτῷ
319 2931 500 2983 ἐλθὼν
533 2933 609 2993 εἰς
640 2929 831 2998 ἀγρόν,
871 2931 933 2982 τὰ
967 2930 1238 2983 ὑπόλοιπα
1279 2930 1463 2998 σκεύη,
1503 2934 1558 2982 εἴ
1588 2949 1710 2982 τινα
1750 2937 1818 2998 τῇ
