2035 3158
726 146 890 187 ΠΡΟΣ
921 145 1238 188 ΤΙΜΟΘΕΟΝ
1728 144 1826 194 161

84 296 126 329 63
149 281 286 350 πρὸς
309 281 384 337 Δτὸ
424 279 559 348 ἄλλο
605 275 789 348 χρέως.
861 275 986 330 ὥστ’
1032 276 1102 330 ἂν
1147 277 1314 347 ταύτῃ
1362 276 1630 347 ἀπολογίᾳ
1674 296 1833 335 κατα-

139 368 367 440 χρῆται,
388 368 481 422 ,ὅτι
520 366 621 420 οὐκ
661 365 916 434 ἐπεδήμει
950 364 1010 418 ἐν
1040 374 1154 427 τοῖς
1184 367 1405 441 χρόνοις
1437 363 1497 417 ἐν
1529 357 1611 427 οἷς
1641 363 1833 434 γέγρα·

148 475 276 510 πται
307 457 408 525 τὴν
439 455 602 524 τιμὴν
633 463 744 507 τῶν
776 457 992 524 φιαλῶν
1032 453 1289 522 ὀφείλων,
1321 452 1652 521 ὑποβάλλετε
1686 453 1831 524 αὐτῷ

149 545 232 598 ὅτι
282 543 498 613 (ἔλαβες
547 538 648 611 μὲν
698 541 1002 614 ἐπιδημῶν·
1054 540 1240 610 ἐπειδὴ
1293 537 1342 594 δ’
1401 541 1502 597 οὐκ
1552 539 1835 609 ἀπέφερες,

149 631 442 702 ἀπεδήμεις
491 628 582 699 δέ,
640 630 741 684 οὐκ
791 626 931 698 ἦσαν
984 627 1033 683 δ’
1080 630 1142 682 αι’
1186 630 1378 699 φιάλαι
1431 628 1493 691 ἃς
1534 628 1561 682 ὁ
1603 628 1836 697 θέμενος

150 717 360 791 ἀπῄτει,
402 718 640 788 ἐγράφης
678 718 777 787 τὴν
817 719 979 787 τιμὴν
1020 717 1201 770 αὐτῶν
1242 717 1507 786 ὀφείλων,
1559 717 1586 770 ὃ
1627 717 1834 770 ἀπετεί-

83 825 126 857 64
150 813 262 876 σθη
300 816 410 860 τῶν
449 805 701 877 φιαλῶν.’
763 805 902 859 ἀλλὰ
935 807 1002 875 νὴ
1037 809 1166 874 Δία,
1206 808 1367 875 φήσει
1401 811 1548 873 ἴσως,
1587 807 1700 859 ἔδει
1737 807 1835 860 τὸν

147 893 360 966 πατέρα
406 897 503 949 τὸν
558 894 692 963 ε’μὸν
747 893 996 947 ἀπαιτεῖν
1050 894 1218 948 αὐτὸν
1271 895 1366 956 τὰς
1420 895 1632 964 φιάλας.
1710 890 1829 948 ἀλλ’

150 982 291 1054 ἑώρα
337 998 396 1036 σε
444 982 516 1046 ὡς
563 983 789 1052 ἠποροῦ.
858 982 948 1036 καὶ
995 982 1117 1052 περὶ
1165 979 1264 1051 μὲν
1312 990 1409 1036 τοῦ
1456 984 1627 1036 ἄλλου
1667 981 1837 1053 χρέως

150 1086 238 1126 σοι
279 1071 544 1140 ἐπίστευε,
583 1069 674 1124 καὶ
712 1071 923 1139 ἡγεῖτο,
963 1070 1185 1124 ἐπειδὰν
1225 1074 1411 1141 ἔλθῃς,
1450 1070 1837 1139 ἀπολήψεσθαι

147 1160 294 1229 παρὰ
335 1168 436 1213 σοῦ
474 1159 901 1229 εὐπορήσαντος,
941 1157 1064 1229 περὶ
1097 1156 1157 1212 δὲ
1190 1169 1300 1212 τῶν
1332 1163 1547 1228 φιαλῶν
1588 1173 1675 1213 σοι
1714 1159 1836 1212 ἀπι-

149 1250 371 1318 στήσειν
418 1249 664 1316 ε”μελλεν;
713 1245 804 1299 καὶ
852 1245 1114 1317 ὑπέσχετο
1163 1243 1263 1316 μὲν
1312 1245 1579 1316 δεομένου
1628 1262 1728 1302 σου
1775 1250 1835 1303 τὸ

147 1340 358 1390 ναῦλον
396 1345 507 1389 τῶν
546 1334 727 1399 ξύλων
765 1337 1156 1405 παρασχήσειν,
1195 1336 1283 1389 ὅτε
1325 1335 1534 1404 ἀνήγου
1574 1337 1646 1399 ὡς
1683 1340 1837 1406 βασι-

149 1423 266 1478 λέα·
307 1424 465 1481 ἕνεκα
506 1421 566 1477 δὲ
605 1433 713 1476 τῶν
761 1428 1004 1493 φιαλῶν,
1051 1426 1213 1478 δυοῖν
1260 1424 1469 1493 οὐσῶν,
1517 1424 1837 1494 ἀπιστήσειν

149 1527 238 1567 σοι
281 1515 531 1582 ἔμελλεν;
579 1510 669 1565 καὶ
715 1513 775 1566 τὸ
824 1509 925 1581 μὲν
972 1514 1107 1566 ἄλλο
1154 1511 1325 1583 χρέως
1372 1526 1431 1566 σε
1480 1513 1580 1567 οὐκ
1627 1513 1837 1585 ἀπῄτει,

148 1600 532 1670 ἀπορούμενον
573 1601 738 1667 ὁρῶν·
781 1600 875 1663 τὰς
915 1597 976 1654 δὲ
1015 1601 1215 1671 φιάλας
1254 1603 1500 1671 ἔμελλεν;

83 1707 126 1739 66
260 1690 544 1758 Βούλομαι
598 1690 791 1742 τοίνυν
844 1686 935 1741 καὶ
997 1687 1121 1757 περὶ
1182 1697 1276 1758 τῆς
1337 1693 1685 1760 προκλήσεως
1738 1701 1838 1746 τοῦ

150 1777 318 1846 ὅρκου
368 1780 572 1846 εἰπεῖν,
622 1776 691 1846 ἣν
742 1776 847 1845 ἐγώ
899 1797 955 1830 τε
1008 1785 1204 1831 τοῦτον
1251 1779 1700 1848 προεκαλεσάμην
1747 1778 1836 1834 καὶ

149 1863 311 1930 οὗτος
349 1864 457 1936 ε’μέ.
519 1864 897 1936 ἐμβαλομένου
945 1867 1048 1935 γὰρ
1097 1866 1231 1935 ἐμοῦ
1272 1867 1439 1936 ὅρκον
1479 1869 1556 1931 εἰς
1593 1869 1691 1922 τὸν
1732 1867 1836 1938 ἐχῖ-

148 1975 273 2024 νον,
309 1954 466 2025 ἠξίου
513 1951 602 2007 καὶ
650 1954 813 2018 αὐτὸς
860 1955 1063 2023 ὀμόσας
1110 1954 1475 2026 ἀπηλλάχθαι.
1546 1956 1651 2025 ἐγὼ
1693 1955 1743 2010 δ’
1790 1959 1842 2010 εί

149 2040 251 2114 μὲν
288 2044 362 2114 μὴ
408 2052 721 2112 περιφανῶς
771 2043 940 2097 αὐτὸν
988 2042 1093 2114 ᾔδη
1142 2047 1382 2107 πολλοὺς
1428 2042 1519 2098 καὶ
1567 2045 1838 2113 μεγάλους

151 2132 350 2202 ὅρκους
400 2131 774 2200 ἐπιωρκηκότα
823 2129 914 2184 καὶ
964 2135 1155 2185 πόλεσι
1206 2131 1296 2185 καὶ
1350 2134 1620 2201 ἰδιώταις,
1671 2132 1829 2186 ἔδωκ’

150 2219 221 2273 ἂν
271 2219 416 2292 αὐτῷ
470 2222 564 2273 τὸν
615 2219 804 2287 ὅρκον·
856 2227 962 2272 νῦν
1022 2218 1085 2273 δέ
1140 2241 1233 2289 μοι
1284 2220 1493 2290 ἐδόκει,
1543 2222 1836 2291 μαρτύρων
1854 2234 1965 2273 1204

151 2310 330 2362 ὄντων
370 2305 489 2377 ἐμοὶ
529 2307 602 2370 ὡς
639 2309 839 2376 ἔλαβον
884 2309 946 2362 τὸ
994 2307 1261 2377 ἀργύριον
1302 2307 1407 2363 ἀπὸ
1447 2316 1540 2378 τῆς
1578 2308 1837 2379 τραπέζης

151 2389 235 2459 οἷς
271 2391 433 2459 οὗτος
472 2393 718 2448 ἐκέλευσε
769 2396 965 2449 δοῦναι
1011 2394 1098 2449 καὶ
1148 2407 1468 2466 περιφανῶν
1514 2400 1837 2466 τεκμηρίων,

152 2485 339 2539 δεινὸν
377 2480 520 2538 εἶναι
559 2483 726 2553 ὅρκον
768 2484 964 2537 δοῦναι
1012 2486 1208 2558 τούτῳ,
1259 2485 1316 2548 ὃς
1356 2486 1455 2556 οὐχ
1495 2485 1641 2547 ὅπως
1680 2485 1836 2553 εὐορ-

150 2574 305 2642 κήσει
350 2574 619 2642 πρόνοιαν
666 2573 975 2640 ποιήσεται,
1021 2570 1139 2625 ἀλλ’
1188 2569 1319 2626 οὐδὲ
1373 2582 1483 2625 τῶν
1532 2573 1693 2643 ἱερῶν
1741 2573 1837 2625 αὐ-

87 2669 262 2713 ωτῶν
314 2659 474 2714 ἕνεκα
534 2668 633 2714 τοῦ
694 2662 1161 2729 πλεονεκτήματος
1224 2660 1532 2732 ἀπέσχηται.
1618 2662 1682 2715 τὰ
1736 2658 1837 2731 μὲν

153 2744 256 2802 οὖν
294 2746 423 2802 καθ’
470 2748 665 2801 ἕκαστα
703 2745 859 2800 πόλλ’
907 2747 976 2801 ἂν
1014 2753 1097 2818 εἴη
1138 2747 1344 2818 λέγειν,
1385 2744 1462 2802 ὧν
1503 2748 1834 2820 ἐπιώρκηκεν

153 2831 315 2900 οὗτος
361 2835 586 2908 ῥᾳδίως·
633 2834 730 2898 οὓς
770 2831 830 2888 δὲ
876 2834 1313 2905 περιφανέστατα
1359 2834 1449 2890 καὶ
1496 2836 1650 2905 ὑμεῖς
1688 2837 1833 2910 αὐτῷ

153 2924 350 2988 πάντες
381 2925 602 2977 σύνιστε
635 2923 834 2994 ὅρκους
866 2921 1242 2994 ἐπιωρκηκότι,
1283 2926 1508 2988 τούτους
1538 2923 1836 2996 ἀναμνήσω

242 3018 448 3052 nuos-m.
495 3017 580 3051 Vol.
603 3017 675 3051 m
1514 3015 1564 3054 11
