2035 3158
1859 0 1887 32 νζη

148 144 223 201 70·
654 152 788 194 XLV.
827 149 1291 192 ΔΗΜΟΣΘΕΝΟΤΣ

146 284 369 353 μάτων,
435 286 732 354 παρέσχετο
799 283 1054 350 ψευδεῖς,
1122 280 1211 335 καὶ
1279 282 1603 351 μισθώσεώς
1677 291 1828 342 τινος

149 370 593 441 ἐσκευωρημένης
646 369 735 424 καὶ
791 371 1059 439 διαθήκης
1114 369 1461 424 οὐδεπώποτε
1515 366 1826 438 γενομένης.

104 459 445 527 ῦπρολαβὼν
493 457 560 512 δέ
601 478 707 528 μου
756 462 1021 526 πρότερος
1068 456 1274 525 λέγειν,
1322 457 1413 510 διὰ
1452 458 1512 510 τὸ
1551 467 1824 525 παραγρα-

147 547 260 615 φὴν
307 543 449 600 εἶναι
495 544 584 599 καὶ
631 547 704 614 μὴ
744 545 1040 616 εὐθυδικίᾳ
1078 543 1334 613 εἰσιέναι,
1373 542 1463 598 καὶ
1502 540 1671 597 ταῦτ’·
1696 542 1826 596 ἀνα-

147 636 315 702 γνοὺς
360 631 450 687 καὶ
495 630 644 686 τᾶλλ’
704 632 775 695 ὡς
822 632 968 704 αὐτῷ
1025 631 1326 701 συμφέρειν
1382 631 1565 699 ἡγεῖτο
1625 631 1828 695 ψευσά-

148 740 329 789 μενος,
367 721 509 775 οὕτω
551 721 772 789 διέθηκε
815 722 940 783 τοὺς
974 720 1246 787 δικαστάς,
1287 721 1423 773 ὥστε
1463 720 1657 789 φωνὴν
1695 716 1821 788 μηδ’
1883 722 1885 725 ’

148 809 408 884 ἡντινοῦν
465 807 679 862 ἐθέλειν
733 808 955 862 ἀκούειν
1008 807 1186 877 ἡμῶν·
1233 807 1565 877 προσοφλὼν
1619 804 1681 860 δὲ
1729 807 1830 874 τὴν

149 897 448 966 ἐπωβελίαν
487 895 578 950 καὶ
610 893 741 950 οὐδὲ
774 898 942 964 λόγου
975 905 1160 966 τυχεῖν
1198 894 1472 964 ἀξιωθείς,
1512 891 1629 948 ἀλλ’
1674 894 1828 964 ὑβρι-

148 980 302 1047 σθεὶς
355 985 427 1047 ὡς
480 983 580 1038 οὐκ
636 981 740 1038 οἷδ’
795 989 851 1037 εἴ
896 1004 976 1047 τις
1027 981 1229 1037 πώποτ’
1254 1056 1255 1059 ¹
1284 984 1447 1046 ἄλλος
1495 982 1830 1051 ἀνθρώπων,

150 1070 344 1144 ἀπῄειν
397 1071 606 1142 βαρέως
652 1067 694 1125 ὦ
734 1073 931 1140 ἄνδρες
970 1069 1255 1139 Ἀθηναῖοι
1308 1070 1394 1124 καὶ
1449 1074 1692 1140 χαλεπῶς
1736 1068 1830 1139 φέ-

105 1173 124 1205 ⁷
151 1181 278 1228 ρων.
342 1163 510 1229 λόγον
558 1157 607 1213 δ’
656 1159 867 1231 ἐμαυτῷ
922 1160 1112 1221 διδοὺς
1153 1158 1386 1227 εὑρίσκω
1426 1168 1538 1221 τοῖς
1578 1152 1830 1214 δικάσασι

149 1245 249 1316 μὲν
298 1251 418 1302 τότε
468 1249 678 1317 πολλὴν
732 1248 1064 1316 συγγνώμην
1115 1243 1288 1301 οὖσαν
1338 1246 1466 1315 ζ’έγὼ
1517 1247 1620 1316 γὰρ
1670 1246 1832 1309 αὐτὸς

150 1337 250 1390 οὐκ
290 1335 358 1390 ἂν
400 1333 505 1391 οἷδ’
552 1337 581 1390 ὅ
621 1357 672 1389 τι
711 1334 827 1389 ἄλλ’
875 1332 1025 1406 εἶχον
1067 1338 1442 1404 ψηφίσασθαι,
1482 1344 1591 1387 τῶν
1629 1346 1832 1403 πεπρα-

149 1424 365 1494 γμένων
395 1421 497 1494 μὲν
528 1416 700 1494 μηδὲν
733 1425 911 1492 εἰδὼς,
942 1425 1007 1476 τὰ
1040 1420 1100 1476 δὲ
1133 1419 1533 1492 μαρτυρούμεν’
1571 1421 1832 1489 ἀκούων),

147 1514 375 1577 τούτους
415 1511 463 1567 δ’
510 1513 694 1577 ἀξίους
734 1514 895 1576 ὄντας
934 1513 1124 1582 ὀργῆς,
1172 1515 1230 1566 οἳ
1263 1520 1336 1584 τῷ
1378 1512 1442 1565 τὰ
1482 1513 1658 1579 ψευδῆ
1697 1531 1830 1579 μαρ-

148 1612 333 1671 τυρεῖν
358 1608 521 1656 αἴτιοι
545 1603 755 1656 τούτων
781 1601 1050 1670 ἐγένοντο.
1111 1599 1228 1670 περὶ
1267 1598 1367 1670 μὲν
1400 1601 1467 1668 δὴ
1500 1608 1608 1652 τῶν
1648 1599 1829 1652 ἄλλων

147 1699 256 1743 τῶν
295 1693 813 1759 μεμαρτυρηκότων,
861 1688 992 1742 ὅταν
1031 1690 1168 1757 πρὸς
1207 1687 1450 1750 ἐκείνους
1489 1690 1666 1755 εἰσίω,
1714 1683 1825 1740 τότ’

150 1777 276 1846 ε’ρῶ·
316 1777 438 1847 περὶ
480 1773 557 1831 ὧν
597 1777 647 1832 δ’
695 1776 883 1832 οὑτοσὶ
926 1775 1208 1847 Στέφανος
1246 1777 1687 1845 μεμαρτύρηκεν,
1724 1777 1829 1844 ἤδη

104 1877 127 1910 8
152 1866 476 1936 πειράσομαι
519 1867 801 1920 διδάσκειν
843 1866 995 1935 ὑμᾶς.
1076 1861 1206 1934 λαβὲ
1248 1862 1302 1918 δ’
1349 1864 1520 1933 αὐτὴν
1559 1865 1658 1933 τὴν
1697 1884 1820 1933 μαρα

148 1957 342 2023 τυρίαν
398 1953 484 2008 καὶ
541 1954 833 2023 ἀνάγνωθί
881 1974 1004 2022 μοι,
1053 1950 1124 2006 ἵν’
1180 1952 1232 2017 ἐξ
1281 1951 1447 2020 αὐτῆς
1493 1950 1829 2005 ἐπιδεικνύω.

151 2040 294 2110 λέγε·
335 2046 404 2096 σὺ
446 2040 495 2096 δ’
540 2036 761 2111 ἐπίλαβε
802 2044 861 2096 τὸ
904 2042 1069 2110 ὕδωρ.

835 2202 1167 2274 ΜΑΡΤΊῬΙΑ.ι
1853 2242 1960 2280 1104

337 2355 592 2417 Στέφανος
632 2354 950 2414 Μενεκλέους
991 2351 1277 2418 Ἀχαρνεύς,
1310 2350 1513 2412 Ἔνδιος
1545 2350 1830 2418 Ἐπιγένους

225 2438 538 2502 Λαμπτρεύς,
572 2437 782 2499 Σκύθης
805 2433 1079 2500 Ἁρματέως
1111 2433 1501 2498 Κυδαθηναιεὺς
1533 2441 1831 2496 μαρτυροῦσι

224 2522 451 2586 παρεῖναι
491 2517 610 2580 πρὸς
649 2521 713 2585 τῷ
755 2517 972 2584 διαιτητῇ
1020 2517 1184 2585 Τεισίᾳ
1217 2511 1461 2580 Ἀχαρνεῖ,
1502 2514 1574 2564 ὅτε
1615 2513 1831 2577 προύκα-

225 2603 348 2649 λεῖτο
410 2599 644 2662 Φορμίων
686 2593 1083 2661 Ἀπολλόδωρον,
1139 2597 1182 2645 εἰ
1229 2595 1297 2660 μή
1352 2610 1506 2659 φησιν
1556 2593 1831 2660 ἀντίγραφα

226 2674 351 2729 εἶναι
404 2687 500 2728 τῶν
556 2680 815 2742 διαθηκῶν
870 2685 967 2726 τῶν
1021 2679 1284 2736 Πασίωνος
1331 2676 1382 2726 τὸ
1432 2680 1758 2742 γραμματεῖον
1803 2673 1830 2725 ὃ

227 2758 474 2824 ἐνεβάλετο
513 2759 745 2823 Φορμίων
770 2758 837 2817 εἰς
876 2757 960 2809 τὸν
993 2757 1171 2823 ἐχῖνον,
1210 2756 1425 2824 ἀνοίγειν
1464 2755 1547 2815 τὰς
1587 2756 1832 2821 διαθήκας

225 2839 309 2899 τὰς
359 2828 642 2901 Πασίωνος,
690 2836 748 2897 ἃς
795 2844 990 2904 παρεῖχε
1035 2837 1155 2901 πρὸς
1203 2837 1287 2886 τὸν
1336 2834 1586 2900 διαιτητὴν
1625 2831 1831 2901 Ἀμφίας

226 2919 251 2970 ὁ
289 2923 687 2984 Κηφισοφῶντος
727 2919 982 2983 κηδεστής·
1015 2914 1384 2982 Ἀπολλόδωρον
1424 2913 1474 2966 δὲ
1514 2915 1606 2966 οὐκ
1643 2915 1830 2967 ἐθέλειν
