2035 3158
789 178 957 220 ΠΡΟΣ
985 176 1286 222 ΛΕΩΧΑΡΗ.
1815 173 1886 227 67

209 330 348 380 ματα
379 308 468 365 καὶ
501 310 602 365 οὐκ
639 312 717 374 εἰς
748 310 815 364 τά-
844 310 978 364 κατὰ
1016 312 1192 380 νόμον
1233 317 1304 383 τῷ
1345 312 1677 380 προσήκοντι
1719 304 1888 379 δοθη-

142 413 184 443 65
209 400 414 468 σόμενα
451 400 706 468 βαδίζων.
775 397 929 468 ἡμεῖς
968 385 1017 452 δ’
1064 395 1107 452 ὦ
1147 399 1345 470 ἄνδρες
1383 400 1665 467 δικασταί,
1703 400 1755 453 εἰ
1790 394 1890 468 μὲν

210 486 248 542 ὁ,
288 488 676 561 τετελευτηκὼς
729 486 1023 556 ἐποιήσατό
1069 506 1219 555 τινα,
1273 490 1464 554 καίπερ
1520 487 1587 541 οὐ
1640 487 1892 549 διδόντος

208 583 306 630 τοῦ
357 577 560 644 νόμου,
615 582 1038 645 συνεχωροῦμεν
1092 571 1181 628 ἂνΔ
1215 574 1387 647 αὐτῷ,
1448 575 1476 643 ἢ
1527 576 1579 629 εἰ
1624 576 1894 642 διαθήκας

208 666 590 732 κατελελοίπει,
627 660 718 716 καὶ
757 656 977 737 ταύταις
1015 662 1084 716 ἂν
1125 664 1508 733 ἐνεμείναμεν,
1548 660 1663 717 ἐπεὶ
1702 661 1792 716 καὶ
1830 663 1893 716 τὸ

207 751 259 815 ἐξ
299 750 468 822 ἀρχῆς
504 759 745 805 τοιοῦτοι
787 752 941 814 ὄντες
980 753 1362 821 διετελοῦμεν,
1401 751 1503 805 οὐκ
1543 750 1893 821 ἐναντιούμε-

206 859 292 893 νοι
343 839 557 902 τούτοις
611 841 795 908 ἔχουσι
851 840 950 908 τὴν
1001 839 1196 892 οὐσίαν
1247 836 1337 892 καὶ
1384 838 1706 894 ἐπανιοῦσιν
1755 839 1891 909 ἄνω,

138 941 179 973 66
203 924 330 980 καθ’
377 925 443 980 ὃν
483 928 683 996 δήποτε
717 929 920 995 τρόπον
962 926 1275 997 ἐβούλοντο.
1338 926 1454 981 ἐπεὶ
1495 924 1554 982 δὲ
1594 930 1730 982 νυνί
1759 937 2018 982 ποτεΙίοΟ

203 1014 310 1070 ὑπὸ
347 1015 560 1068 τούτων
593 1013 774 1067 αὐτῶν
807 1013 896 1067 καὶ
936 1014 1044 1069 ὑπὸ
1084 1024 1194 1068 τῶν
1232 1017 1421 1084 νόμων
1459 1017 1521 1069 τὸ
1560 1025 1667 1085 πριῖ
1652 1013 1763 1085 γμ’
1809 1015 1890 1081 ἐξ-

203 1105 547 1172 ελήλεγκται,
598 1104 830 1171 οἰόμεθα
872 1097 991 1155 δειν
1030 1107 1396 1173 κληρονομεῖν
1435 1113 1544 1157 τῶν
1581 1102 1890 1176 Ἀρχιαδου,

201 1189 292 1244 καὶ
325 1188 455 1261 παρ’
500 1191 656 1260 ἡμῶν
695 1210 837 1244 ειναι
878 1193 974 1244 τὸν
1013 1191 1139 1244 υιὸν
1183 1192 1280 1244 τὸν
1320 1192 1741 1268 εἰσποιούμενον
1781 1202 1891 1264 τῶν

202 1281 275 1349 μὴ
313 1278 694 1349 πεποιημένων
733 1281 1030 1349 πρότερον,
1068 1281 1140 1348 μὴ
1180 1280 1324 1349 παρὰ
1363 1281 1590 1334 τούτων.
1669 1282 1890 1346 δικαιως

202 1369 305 1438 γὰρ
345 1367 375 1423 ὁ
413 1366 750 1437 νομοθέτης,
797 1364 980 1436 οἶμαι,
1028 1368 1207 1437 ὥσπερ
1256 1366 1345 1421 καὶ
1385 1360 1480 1430 τὰς’
1517 1367 1741 1440 ἀτυχίας
1780 1380 1889 1425 τῶν

201 1458 419 1510 οἰκείων
457 1454 547 1510 καὶ
588 1457 682 1518 τὰς
713 1455 955 1519 ἐκδόσεις
994 1465 1103 1510 τῶν
1142 1465 1420 1524 γυναικῶν
1460 1467 1572 1521 τοῖς
1612 1456 1888 1527 ἐγγυτάτω

138 1589 142 1592 «
202 1543 396 1613 γένους
419 1542 756 1618 ,προσέταττε
796 1550 1109 1613 ποιεῖσθαι,
1150 1544 1322 1607 οὕτως
1362 1542 1451 1598 καὶ
1490 1546 1584 1609 τὰς
1623 1551 1886 1617 κληρονο-

200 1636 326 1701 μίας
362 1631 452 1686 καὶ
490 1634 591 1702 τὴν
629 1641 740 1686 τῶν
782 1633 1011 1701 ἀγαθῶν
1043 1637 1340 1702 μετουσίαν
1378 1644 1491 1697 τοῖς
1531 1635 1717 1699 αὐτοῖς
1755 1635 1885 1690 ἀπο-

0 1720 8 1797 Ι1
133 1737 174 1767 6⁷
201 1719 454 1775 δέδωκεν.
515 1722 576 1775 τὸ
632 1718 692 1774 δὲ
746 1722 967 1775 πάντων
1022 1719 1279 1790 μέγιστον
1326 1721 1416 1775 καὶ
1463 1725 1886 1792 γνωριμώτατον

7 1805 8 1808 *
140 1854 143 1857 .
199 1809 353 1878 ὑμῖν·
401 1809 440 1864 ὁ*
470 1810 573 1879 γὰρ
624 1817 723 1863 τοῦ
764 1812 1025 1873 Σόλωνος
1072 1812 1239 1879 νόμος
1279 1807 1410 1864 οὐδὲ
1450 1808 1750 1865 διαθέσθαι
1790 1815 1886 1867 τὸν

198 1900 425 1967 ποιητὸν
465 1897 527 1970 ἑᾷ
558 1899 623 1951 τὰ
657 1897 716 1951 ἐν
749 1905 821 1970 τῷ
865 1903 1018 1970 οἴκῳ,
1057 1891 1115 1951 οἷ
1150 1897 1218 1951 ἂν
1259 1904 1481 1969 ποιηθῇ.
1546 1901 1768 1964 εἰκότως
1807 1898 1886 1956 οἷ-

0 1962 5 2031 ῨῙ
198 2002 315 2055 μαι·
369 1992 444 2058 τῷ
499 1986 604 2056 γὰρ
650 1987 785 2039 κατὰ
832 1984 1007 2055 νόμον
1054 1986 1407 2056 εἰσποηθέντι
1457 1986 1542 2041 ἐπὶ
1592 1989 1654 2040 τὰ
1696 1986 1883 2060 ἑτέρου

199 2074 299 2144 οὐχ
338 2061 539 2143 οὕτως,
578 2074 652 2138 ὡς
688 2072 813 2144 περὶ
852 2084 961 2128 τῶν
1002 2076 1161 2128 ἰδίων
1200 2076 1513 2145 κτημάτων,
1551 2077 1884 2145 βουλευτέον

199 2161 367 2230 ἐστίν,
406 2161 542 2215 ἀλλὰ
582 2172 695 2226 τοῖς
736 2165 925 2232 νόμοις
957 2162 1299 2232 ἀκολούθως,
1338 2163 1461 2234 περὶ
1503 2163 1733 2219 ἑκάστου
1772 2176 1884 2220 τῶν

133 2267 172 2298 fis
199 2248 588 2319 γεγραμμένων
627 2250 701 2314 ὡς
739 2250 769 2305 ὁ
807 2253 977 2319 νόμος
1017 2249 1174 2320 λέγει.
1240 2252 1387 2305 ‘5600
1427 2254 1499 2321 μὴ
1541 2251 1882 2323 ἐπεποιήντο’

197 2340 367 2406 φησίν
407 2337 521 2391 εὅτε
557 2341 754 2392 Σόλων
785 2336 956 2410 εἰσῄει
989 2341 1067 2402 εἰς
1096 2341 1197 2409 τὴν
1229 2339 1424 2410 ἀρχήν,
1466 2340 1664 2404 ἐξεῖναι
1697 2342 1882 2407 αὐτοῖς

197 2423 497 2479 διαθέσθαι
537 2425 683 2489 ὅπως
728 2425 798 2479 ἂν
839 2425 1156 2496 ἐθέλωσιν’,
1202 2427 1275 2491 ὡς
1312 2438 1426 2491 τοῖς
1464 2448 1524 2497 γε
1564 2435 1881 2499 ποιηθεῖσιν

197 2513 298 2567 οὐκ
337 2513 460 2578 ἐξὸν
492 2511 812 2582 διαθέσθαι,
852 2513 988 2568 ἀλλὰ
1023 2518 1224 2580 ζῶντας
1262 2515 1719 2585 ἐγκαταλιπόντας
1756 2520 1881 2573 υἱὸν

194 2602 425 2670 γνήσιον
481 2592 790 2671 ἐπανιέναι,
845 2601 878 2671 ἢ
924 2606 1347 2672 τελευτήσαντας
1397 2604 1742 2659 ἀποδιδόναι
1780 2609 1878 2676 τὴν

194 2692 564 2759 κληρονομιαν
603 2698 717 2753 τοῖς
763 2689 818 2754 ἐξ
859 2689 1025 2761 ἀρχῆς
1074 2693 1297 2754 οἰκείοις
1342 2688 1466 2745 οὖσι
1515 2701 1612 2746 τοῦ
1652 2709 1878 2764 ποιησα-

192 2775 378 2846 μένου
