2035 3158
208 132 312 184 134
667 134 869 176 XLvm.
913 132 1421 193 [AHMOZSENOTSJ

201 268 622 335 φισβητοῦντες,
667 263 757 319 καὶ
796 268 899 336 ἔφη
938 269 1138 336 χρῆναί
1179 286 1244 336 με
1289 276 1622 337 περιμεῖναι,
1671 267 1773 332 ἕως
1808 267 1881 322 ἂν

203 353 260 404 οἶ
288 351 494 420 ἀγῶνες
523 351 804 422 γένωνται.
859 351 948 406 καὶ
982 352 1099 423 ἐμοὶ
1131 353 1340 425 ἀνάγκη
1370 351 1441 424 ἦν
1462 363 1639 417 ,ταῦτα
1669 370 1878 427 συγχω-

136 460 177 493 92
202 448 346 508 ρεῖν,
393 438 483 493 καὶ
530 442 900 511 συνεχώρησα.
969 441 1101 509 μετὰ
1149 438 1210 495 δὲ
1255 450 1422 496 ταῦτα
1470 442 1879 513 ἐβουλευόμεθα

200 525 290 579 καὶ
337 526 442 596 ἐγὼ
489 526 581 581 καὶ
628 527 816 583 οὑτοσὶ
857 526 1300 599 Ὀλυμπιόδωρος
1344 538 1530 600 κοινῇ,
1569 531 1750 601 ὥσπερ
1787 529 1879 584 καὶ

201 615 516 685 ὠμόσαμεν,
578 616 769 670 ὅντινα
829 619 1035 687 τρόπον
1095 618 1288 687 ἄριστα
1347 616 1438 671 καὶ
1501 616 1878 689 ἀσφαλέστατα

198 705 608 772 προσοισόμεθα
653 706 789 771 πρὸς
833 707 960 767 τοὺς
1007 703 1499 774 ἀμφισβητοῦντας.
1561 705 1652 760 καὶ
1690 706 1878 771 ἔδοξεν

197 789 329 859 ἡμῖν
367 786 410 843 ὦ
458 792 656 861 ἄνδρες
703 794 980 861 δικασταί,
1025 791 1244 847 τουτονὶ
1290 789 1391 862 μὲν
1431 792 1879 865 Ὀλυμπιόδωρον
1963 854 1973 858 ,

197 886 296 932 τοῦ
333 881 539 948 κλήρου
574 880 707 934 ὅλου
739 879 1124 950 ἀμφισβητεῖν,
1166 879 1256 950 ἐμὲ
1298 878 1358 935 δὲ
1396 890 1495 935 τοῦ
1531 881 1879 951 ἡμικληρίου,

198 963 384 1036 ἐπειδὴ
431 965 520 1020 καὶ
561 968 879 1031 Κάλλιππος
926 968 954 1023 ὁ
994 967 1231 1038 ἀδελφὸς
1276 969 1305 1023 ὁ
1354 968 1480 1038 ε’μὸς
1517 978 1617 1023 τοῦ
1652 969 1878 1040 ἡμικλη-

132 1073 173 1106 23
198 1057 323 1122 ρίου
361 1057 535 1124 μόνον
573 1056 922 1125 ἠμφεσβήτει.
980 1055 1070 1109 καὶ
1110 1056 1295 1126 ἐπειδὴ
1331 1056 1705 1128 ἀνεκρίθησαν
1743 1059 1878 1128 πρὸς

197 1147 269 1211 τῷ
312 1143 535 1213 ἄρχοντι
574 1144 775 1196 ἅπασαι
821 1144 883 1196 αἱ
923 1143 1351 1214 ἀμφισβητήσεις
1397 1144 1487 1198 καὶ
1528 1147 1639 1199 ἔδει
1677 1145 1877 1214 ἀγωνί-

200 1231 386 1294 ζεσθαι
426 1230 486 1284 ἐν
527 1238 598 1303 τῷ
633 1232 982 1305 δικαστηρίῳ,
1021 1231 1392 1303 ἀπαράσκευοι
1431 1230 1569 1302 ἦμεν
1605 1235 1666 1287 τὸ
1705 1234 1876 1303 παράΦ

196 1335 306 1370 παν
343 1320 479 1388 πρὸς
517 1322 577 1373 τὸ
615 1321 720 1388 ἤδη
761 1319 1127 1387 ἀγωνίζεσθαι
1168 1320 1273 1388 ἐγὼ
1313 1319 1403 1374 καὶ
1436 1317 1877 1392 Ὀλυμπιόδωρος

198 1405 408 1475 οὑτοσί,
448 1408 538 1460 διὰ
577 1410 637 1462 τὸ
684 1407 943 1478 ἐξαίφνης
988 1407 1414 1462 ἐπιπεπτωκέναι
1458 1408 1591 1478 ἡμῖν
1637 1413 1877 1473 πολλοὺς

195 1495 324 1556 τοὺς
373 1494 864 1565 ἀμφισβητοῦντας.
939 1495 997 1549 ἐκ
1047 1493 1107 1549 δὲ
1157 1506 1268 1550 τῶν
1317 1497 1677 1567 ὑπαρχόντων
1723 1497 1875 1552 ε’σκο-

195 1590 405 1651 ποῦμεν
443 1593 628 1654 κοινῇ,
668 1589 723 1637 εἴ
753 1602 868 1646 πως
906 1583 1150 1653 ἀναβολή
1190 1605 1269 1648 τις
1307 1584 1521 1653 γένοιτο
1562 1584 1623 1638 ἐν
1660 1593 1735 1658 τῷ
1773 1604 1873 1639 πα-

197 1673 369 1739 ρόντι,
407 1673 543 1725 ὥστε
575 1672 1097 1742 παρασκευάσασθαι
1129 1673 1268 1741 ἡμᾶς
1298 1670 1425 1726 καθ’
1470 1672 1704 1743 ἡσυχίαν
1739 1676 1876 1744 πρὸς

132 1760 293 1812 κτὸν
332 1759 533 1828 ἀγῶνα.
602 1759 692 1814 καὶ
739 1761 873 1813 κατὰ
920 1762 1091 1830 τύχην
1136 1762 1259 1814 τινὰ
1305 1759 1394 1814 καὶ
1442 1762 1677 1830 δαίμονα
1720 1761 1876 1831 ὑμεῖς

198 1847 482 1917 ἐπείσθητε
519 1847 626 1903 ὑπὸ
666 1858 774 1901 τῶν
816 1849 1064 1918 ρητόρων
1104 1850 1180 1911 εἰς
1211 1846 1575 1918 Ἀκαρνανίαν
1615 1850 1873 1918 στρατιώ-

197 1956 290 1998 τας
340 1935 659 2005 ἐκπέμπειν,
715 1934 804 1989 καὶ
856 1937 967 1989 ἔδει
1016 1934 1106 1989 καὶ
1164 1934 1383 1990 τουτονὶ
1426 1934 1873 2006 Ὀλυμπιόδωρον
1890 1925 2021 1996 1174(

198 2026 608 2092 στρατεύεσθαι,
647 2023 735 2077 καὶ
775 2022 943 2096 ᾤχετο
976 2025 1107 2093 μετὰ
1147 2033 1256 2077 τῶν
1296 2025 1478 2077 ἄλλων
1518 2027 1871 2093 στρατευόμε-
2014 2017 2022 2083 ξ

196 2132 305 2176 νος.
367 2111 456 2166 καὶ
496 2115 870 2181 συνεβεβήκει,
910 2113 981 2175 ὡς
1020 2110 1245 2184 ᾠόμεθα
1290 2112 1470 2180 ἡμεῖς,
1516 2112 1649 2180 αὕτη
1689 2116 1872 2165 καλλί-

198 2214 295 2269 στη
335 2199 605 2270 ἀναβολή,
652 2201 888 2271 δημοσίᾳ
926 2201 1124 2254 τούτου
1164 2199 1580 2269 ἀποδημοῦντος
1618 2215 1885 2269 στρατευ·Ἰ

132 2307 173 2338 25
199 2287 400 2357 ομένου
478 2289 661 2357 ἐπειδὴ
704 2287 751 2341 δ’
795 2288 972 2341 ἐκάλει
1014 2289 1041 2342 ὁ
1082 2289 1265 2358 ἄρχων
1305 2290 1382 2351 εἰς
1418 2290 1478 2342 τὸ
1520 2290 1871 2358 δικαστήριον

195 2378 434 2439 ἅπαντας
471 2380 598 2439 τοὺς
637 2376 1114 2446 ἀμφισβητοῦντας
1162 2378 1296 2430 κατὰ
1343 2379 1438 2431 τὸν
1484 2379 1686 2445 νόμον,
1724 2377 1870 2431 ὑπω-

196 2465 481 2533 μοσάμεθα
505 2464 657 2533 ἡμεῖς
679 2463 899 2518 τουτονὶ
918 2462 1365 2533 Ὀλυμπιόδωρον
1394 2466 1628 2535 δημοσίᾳ
1651 2463 1868 2519 ἀπεῖναι
2008 2466 2016 2534 j

197 2555 640 2623 στρατευόμενον.
687 2550 1063 2621 ὑπομοθέντος
1080 2549 1138 2604 δὲ
1157 2553 1373 2619 τούτου,
1394 2550 1868 2620 ἀνθυπωμόσαντο
2012 2542 2015 2547 ’

195 2641 254 2693 οἶ
288 2640 575 2709 ἀντίδικοι,
613 2638 702 2693 καὶ
736 2640 1123 2708 διαβάλλοντες
1147 2638 1592 2708 Ὀλυμπιόδωρον
1630 2644 1869 2709 τουτονί,

193 2728 412 2796 ὕστεροι
452 2727 606 2796 ἡμῶν
646 2726 921 2795 λέγοντες,
969 2729 1189 2780 ἔπεισαν
1236 2729 1364 2789 τοὺς
1411 2728 1663 2790 δικαστὰς
1699 2732 1867 2798 ψηφί-

196 2820 399 2868 σασθαι
438 2822 530 2882 τῆς
562 2816 717 2883 δίκης
748 2812 884 2868 ἕνεκ’
923 2814 1139 2868 ἀπεῖναι
1169 2822 1366 2867 τοῦτον
1398 2812 1487 2866 καὶ
1519 2813 1586 2867 οὐ
1616 2816 1865 2887 δημοσίᾳ.

126 2918 170 2951 ‘20
192 2900 589 2972 ψηφισαμένων
641 2899 702 2956 δὲ
750 2911 917 2956 ταῦτα
974 2912 1083 2955 τῶν
1135 2903 1434 2969 δικαστῶν,
1490 2901 1785 2971 διέγραψεν
1834 2903 1864 2957 ὁ
