2035 3158
620 199 785 240 ΠΡΟΣ
817 198 1228 239 ΜΑΚΑΡΤΑΊῸΝ,
1700 194 1766 243 21

14 360 29 373 =
95 333 312 385 ἱκετεύω
357 332 561 394 πάντας
605 330 747 400 ὑμᾶς
793 331 990 400 ἄνδρες
1037 331 1311 398 δικασταί,
1358 327 1446 382 καὶ
1496 329 1558 381 τὰ
1600 325 1764 381 δίκαι’

93 420 321 488 εἰρηκὼς
361 417 553 488 δέομαι
583 421 865 488 βοηθῆσαί
897 437 990 486 μοι
1030 416 1119 470 καὶ
1159 420 1230 485 μή
1272 436 1333 485 με
1376 414 1769 485 περιελαθέντα

94 509 358 578 περιιδεῖν
397 507 504 561 ὑπὸ
542 507 767 560 τούτων.

771 760 775 762 ’
834 786 1024 838 XLIII.

188 903 420 966 ΠΡΟΣ
472 903 1070 964 MAKAPTATON
1119 903 1321 963 ΠΕΡΙ
1365 901 1687 963 ΑΓΝΙΟΤ

736 1002 1120 1062 KAHPOT.

763 1158 1092 1202 ΤΠΟΘΕΣΙΣ.

193 1264 393 1334 (Αγνίας
417 1266 499 1317 καὶ
524 1265 841 1331 Εὐβουλίδης
874 1260 1000 1330 ἦσαν
1035 1265 1246 1329 ἀνεψιοί,
1303 1267 1488 1316 τούτων
1514 1261 1556 1313 δ’
1577 1261 1773 1330 Ἁγνίας

94 1348 397 1412 ἐτελεύτησεν
431 1346 597 1406 ἅπαις·
640 1345 665 1396 ὅ
700 1343 742 1395 δ’
781 1346 1097 1411 Εὐβουλίδης
1137 1346 1383 1413 θυγατέρα
1413 1345 1630 1396 κατέλιπε
1669 1349 1771 1394 Φυ-

93 1428 326 1492 λομάχην,
365 1427 468 1492 ἥτις
509 1427 811 1485 ἐπεδικάζετο
844 1434 930 1476 τοῦ
962 1427 1145 1493 κλήρου
1178 1436 1264 1477 τοῦ
1287 1423 1505 1493 Ἁγνίου,
1544 1425 1610 1487 ὡς
1649 1422 1773 1476 οὖσα

94 1508 326 1575 ἐγγύτατα
364 1512 429 1578 τῷ
470 1506 612 1574 γένει.
683 1506 1031 1573 ἠμφισβήτουν
1073 1505 1117 1557 δ’
1162 1508 1283 1577 αὐτῇ
1323 1509 1545 1567 Γλαῦκός
1583 1527 1653 1567 τις
1690 1507 1772 1556 καὶ

93 1588 360 1652 Γλαύκων,
413 1587 505 1638 οὐκ
543 1587 784 1657 ἀγχιστεία
823 1588 1021 1655 γένους,
1073 1590 1193 1639 ἀλλὰ
1241 1591 1502 1654 διαθήκαις
1542 1589 1768 1655 ι’σχυριζό·

93 1689 243 1735 μενοι.
313 1661 383 1718 ὧν
430 1668 482 1718 ἐν
529 1672 592 1737 τῷ
643 1670 934 1740 δικαστηρίῳ
981 1672 1186 1733 ψευδῶν
1235 1672 1576 1738 ἐλεγχθεισῶν,
1614 1689 1769 1734 παρα-

93 1751 329 1816 λαμβάνει
367 1749 450 1799 τὸν
490 1754 669 1815 κλῆρον
709 1748 740 1813 ἡ
779 1752 1059 1816 Φυλομάχη.
1123 1751 1286 1803 εἰσιὼν
1319 1749 1364 1802 δ’
1401 1751 1426 1803 ὅ
1464 1754 1769 1819 Θεόπομπος,

94 1832 273 1891 αὐτούς
320 1850 367 1880 τε
414 1833 616 1891 τούτους
663 1831 776 1890 τοὺς
824 1829 1121 1896 ἡττημένους
1175 1832 1475 1899 παραλαβὼν
1522 1833 1601 1884 καὶ
1649 1834 1771 1899 πρὸς

93 1913 281 1971 τούτοις
313 1897 624 1974 Εύπόλεμον,
664 1909 1038 1976 προσεκαλέσατ’
1076 1914 1143 1973 εἰς
1185 1915 1492 1964 διαδικασίαν
1530 1923 1617 1965 τοῦ
1657 1916 1770 1978 κλή-

94 2011 185 2056 ρου
232 1991 344 2056 τὴν
373 1992 691 2057 Φυλομάχην·
748 1992 913 2043 ἐδίδου
969 1994 1059 2060 γὰρ
1107 1993 1132 2044 ὁ
1181 1995 1330 2060 νόμος
1376 2000 1440 2067 τῷ
1487 1995 1770 2066 βουλομένῳ

93 2077 478 2140 προσκαλεῖσθαι
509 2072 594 2124 τὸν
629 2074 914 2138 νενικηκότα
946 2074 1024 2124 καὶ
1056 2074 1224 2141 ἔχοντα
1255 2076 1338 2126 τὸν
1370 2081 1567 2142 κλῆρον.
1627 2098 1770 2128 κατα-

96 2156 450 2218 σκευασθείσης
483 2152 536 2203 δὲ
565 2153 687 2219 πρὸς
718 2151 909 2219 ἀπάτην
940 2163 1024 2221 τῆς
1058 2158 1212 2221 δίκης,
1245 2157 1310 2216 ὥς
1342 2174 1465 2222 φησι
1497 2159 1770 2221 Σωσίθεος,

97 2223 319 2299 ἐνίκησεν
340 2233 367 2286 ὃ
397 2235 699 2300 Θεόπομπος.
761 2231 982 2297 κάκεῖνος
1007 2235 1095 2301 μὲν
1120 2237 1419 2302 ἐτελεύτησεν
1443 2239 1555 2288 υἱὸν
1578 2243 1897 2295 navah—1050

96 2314 204 2364 πὼν
225 2316 574 2381 Μακάρτατον·
599 2324 655 2384 τῇ
675 2314 726 2365 δὲ
749 2318 1016 2387 Φυλομάχῃ
1040 2319 1250 2384 γίγνεται
1275 2325 1406 2381 παῖς,
1432 2317 1490 2369 ὃν
1516 2317 1770 2384 ὠνόμασεν

96 2396 416 2462 Εὐβουλίδην
449 2395 530 2446 καὶ
561 2398 860 2461 εἰσεποίησεν
892 2399 1003 2448 υἱὸν
1035 2399 1325 2470 Εὐβουλίδη
1365 2405 1429 2471 τῷ
1468 2400 1644 2466 ἑαυτῆς
1682 2399 1770 2465 μὲν

93 2478 262 2543 πατρί,
311 2473 503 2548 ἀνεψιῷ
545 2475 597 2527 δὲ
627 2474 828 2544 Ἁγνίου
868 2487 952 2530 τοῦ
1000 2480 1083 2529 τὸν
1134 2485 1314 2546 κλῆρον
1360 2482 1770 2542 καταλελοιπότος.

94 2558 411 2622 εἰσποιήσασα
444 2555 487 2607 δ’
524 2558 776 2625 εἰσήγαγεν
816 2560 884 2619 εἰς
915 2560 1029 2620 τοὺς
1061 2561 1300 2626 φράτερας
1332 2569 1417 2612 τοῦ
1450 2563 1767 2628 Εὐβουλίδου

93 2638 174 2688 καὶ
203 2635 419 2706 Ἁγνίου,
457 2639 538 2689 καὶ
578 2640 630 2689 οἱ
663 2640 893 2705 φράτερες
926 2639 1148 2701 ἐδέξανθ’
1194 2641 1259 2702 ὡς
1292 2644 1490 2702 δικαίως
1522 2644 1767 2709 εἰσαγόμε-

95 2739 196 2770 νον.
253 2720 437 2770 τούτων
471 2719 522 2769 δὲ
554 2719 873 2786 πραχθέντων
908 2720 933 2771 ὁ
965 2728 1078 2782 παῖς
1102 2723 1169 2782 εἰς
1194 2724 1505 2774 διαδικασίαν
1537 2732 1623 2775 τοῦ
1654 2725 1768 2787 κλή-

95 2819 184 2863 ρου
210 2799 558 2867 προσκέκληται
582 2802 917 2868 Μακάρτατον
948 2802 1031 2853 τὸν
1064 2802 1175 2853 υἱὸν
1199 2812 1285 2854 τοῦ
1315 2804 1625 2870 Θεοπόμπου.
1686 2804 1769 2855 καὶ

92 2878 215 2948 λέγει
254 2881 338 2933 τὸν
377 2875 524 2949 λόγον
563 2885 820 2942 Σωσίθεος
860 2881 886 2933 ὁ
925 2883 1071 2946 φύσει
1109 2883 1266 2950 πατὴρ
1306 2891 1392 2934 τοῦ
1431 2884 1618 2945 παιδός.
