2035 3158
691 108 852 151 ΠΡΟΣ
883 108 1215 152 ΤΙΜΟΘΕΟΝ.
1693 108 1788 159 '147

115 241 276 295 οὐσία
325 242 607 312 ὑπόχρεως
653 237 725 311 ἦν
771 241 982 310 ἅπασα,
1031 239 1120 294 καὶ
1171 241 1292 312 ὅροι
1338 241 1506 312 αὐτῆς
1544 241 1795 312 ἕστασαν,

114 327 204 382 καὶ
242 329 400 384 ἄλλοι
440 329 728 400 ἐκράτουν·
769 329 799 384 ὁ
829 325 931 398 μὲν
969 328 1030 383 ἐν
1067 331 1238 403 πεδίῳ
1276 328 1444 400 ἀγρὸς
1482 329 1794 400 ἀποτίμημα

110 423 186 489 τῷ
247 416 403 471 παιδὶ
464 424 539 489 τῷ
590 417 916 487 Εὐμηλίδου
976 421 1359 486 καθειστήκει,
1421 416 1680 487 ἑξήκοντα
1734 415 1795 471 δὲ

111 505 458 577 τριηράρχοις
517 513 633 568 τοῖς
694 507 1161 562 συνεκπλεύσασιν
1231 506 1377 578 αὐτῷ
1449 504 1580 559 ἑπτὰ
1640 516 1795 575 μνῶν

113 594 319 667 ἑκάστω
357 594 391 663 ἡ
432 595 569 663 ἄλλη
602 592 764 648 οὐσία
795 593 1064 663 ὑπέκειτο,
1104 593 1166 656 ἃς
1196 589 1357 657 οὗτος
1396 594 1597 657 αὐτοὺς
1635 609 1794 664 στρα-

18 686 87 729 “12
110 691 291 750 τηγῶν
329 682 602 751 ἠνάγκασε
641 691 754 745 τοῖς
784 683 1009 745 ναύταις
1046 683 1259 753 τροφὴν
1300 683 1613 736 διαδοῦναι·
1656 681 1793 735 ἐπει-

110 770 179 838 δὴ
212 766 263 823 δ’
299 767 818 840 ἀποχειροτονηθεὶς
849 769 910 823 ἐν
942 777 1015 842 τῷ
1057 773 1202 844 λόγῳ
1243 769 1548 839 ἀπήνεγκεν
1588 769 1647 824 ἐκ
1684 779 1797 824 τῶν

111 866 512 928 στρατιωτικῶν
558 858 850 928 χρημάτων
897 858 1059 921 αὐτὸς
1107 859 1360 922 δεδωκὼς
1406 860 1484 921 εἰς
1529 859 1624 922 τὰς
1660 866 1834 927 ναῦς-

109 945 203 1008 τὰς
241 943 374 999 ἑπτὰ
410 953 552 1016 μνᾶς
588 947 786 1009 ταύτας
824 948 971 1015 τότε,
1016 948 1363 1016 φοβούμενος
1410 948 1483 1015 μὴ
1523 967 1794 1017 καταμαρ-

108 1036 420 1104 τυρήσωσιν
467 1033 639 1089 αὐτοῦ
687 1034 745 1087 os
785 1036 1102 1104 τριήραρχοι
1149 1032 1238 1087 καὶ
1287 1033 1625 1105 ἐξελέγχηται
1663 1044 1793 1100 ψευ-
1830 1036 1833 1039 ’

110 1120 369 1190 δόμενος,
414 1121 680 1190 δάνεισμα
724 1131 959 1175 ποιεῖται
1006 1123 1121 1193 ἰδίᾳ
1166 1118 1294 1191 παρ’
1341 1119 1572 1176 ἑκάστου
1612 1122 1921 1176 αὐτῶνηὸε

109 1210 204 1273 τὰς
243 1207 375 1264 ἑπτὰ
414 1217 552 1279 μνᾶς
591 1208 681 1263 καὶ
719 1210 1056 1279 ὑποτίθησιν
1095 1209 1282 1272 αὐτοῖς
1320 1211 1420 1279 τὴν
1461 1211 1686 1280 οὐσίαν,
1732 1210 1795 1274 ἃς

44 1312 85 1346 1³
109 1306 216 1353 νῦν
255 1297 454 1361 αὐτοὺς
492 1297 783 1368 ἀποστερεῖ
816 1296 906 1351 καὶ
945 1299 1074 1360 τοὺς
1113 1297 1279 1367 ὅρους
1317 1296 1608 1352 ἀνέσπακε·
1659 1316 1795 1352 παν-

0 1451 3 1461 ³
108 1388 347 1456 ταχόθεν
396 1382 450 1438 δ’
507 1385 907 1456 ἀπορούμενος,
956 1384 1046 1439 καὶ
1097 1385 1157 1440 ἐν
1209 1384 1382 1454 ἀγῶνι
1431 1394 1506 1459 τῷ
1558 1390 1793 1461 μεγίστω

0 1480 4 1560 j
107 1475 459 1543 καθεστηκὼς
488 1473 612 1545 περὶ
644 1483 743 1528 τοῦ
775 1476 1020 1543 σώματος
1060 1475 1151 1528 διὰ
1182 1476 1243 1528 τὸ
1289 1473 1692 1546 συμβεβηκέναι
1730 1483 1792 1546 τῇ

0 1570 2 1576 “
107 1565 264 1617 πόλει
309 1571 535 1617 τοιαῦτα
583 1563 902 1633 πράγματα,
949 1564 1193 1632 ἄμισθον
1240 1559 1341 1632 μὲν
1388 1565 1449 1618 τὸ
1489 1564 1793 1633 στράτευμα

107 1651 512 1705 καταλελύσθαι
567 1650 627 1704 ἐν
678 1653 1025 1722 Καλαυρείᾳ,
1078 1655 1497 1721 πολιορκεῖσθαι
1552 1648 1613 1705 δὲ
1666 1654 1796 1716 τοὺς

106 1737 232 1810 περὶ
285 1741 720 1808 Πελοπόννησον
785 1740 1104 1810 συμμάχους
1155 1739 1263 1793 ὑπὸ
1318 1741 1795 1809 Λακεδαιμονίων,

107 1827 565 1898 κατηγορούντων
614 1824 675 1880 δὲ
722 1836 919 1881 τοῦτον
967 1832 1144 1881 αἴτιον
1191 1823 1334 1880 εἶναι
1381 1835 1475 1896 τῆς
1512 1829 1795 1898 παρούσης

109 1914 332 1986 ἀτυχίας
358 1912 700 1985 Ἰφικράτους
730 1913 819 1969 καὶ
846 1915 1283 1984 Καλλιστράτου,
1323 1917 1399 1969 ἔτι
1433 1913 1494 1969 δὲ
1526 1926 1636 1969 τῶν
1669 1915 1793 1986 ἀφι-

109 2001 431 2073 κνουμένων
469 2003 575 2058 ἀπὸ
630 2005 1031 2074 στρατεύματος
1090 2003 1548 2073 ἀπαγγελλόντων
1604 2004 1664 2058 ἐν
1718 2012 1792 2078 τῷ

111 2092 266 2164 δήμῳ
313 2092 414 2161 τὴν
459 2100 746 2160 παροῦσαν
793 2094 1011 2146 ἔνδειαν
1056 2089 1145 2145 καὶ
1187 2090 1448 2161 ἀπορίαν,
1497 2093 1562 2146 τὰ
1603 2090 1664 2146 δὲ
1701 2092 1792 2146 καὶ

111 2177 184 2232 δι’
242 2179 544 2233 ἐπιστολῶν
600 2177 828 2233 ἑκάστου
883 2178 1316 2248 πυνθανομένου
1362 2180 1508 2248 παρὰ
1556 2190 1664 2234 τῶν
1716 2183 1792 2234 οἰ-

110 2269 273 2321 κείων
302 2266 394 2321 καὶ
427 2267 747 2335 ἐπιτηδείων
772 2268 844 2330 ὡς
868 2267 1157 2321 διέκειντο·
1198 2263 1276 2321 ὧν
1308 2266 1603 2331 ἀκούοντες
1639 2269 1795 2339 ὑμεῖς

110 2355 172 2409 ἐν
209 2363 285 2428 τῷ
327 2357 481 2429 δήμῳ
512 2358 653 2423 τότε,
692 2354 1083 2424 ἀναμνήσθητε
1122 2365 1236 2418 πῶς
1275 2355 1498 2419 ἕκαστος
1535 2355 1658 2425 περὶ
1699 2357 1792 2409 αὐ-

110 2451 210 2498 τοῦ
246 2444 349 2514 τὴν
387 2445 612 2513 γνώμην
651 2440 816 2513 εἶχεν·
868 2443 935 2497 οὐ
975 2445 1078 2514 γὰρ
1119 2442 1365 2511 ἀγνοεῖτε
1406 2444 1471 2497 τὰ
1512 2447 1793 2514 λεγόμενα.

45 2545 88 2578 14
111 2530 326 2601 μέλλων
371 2534 563 2586 τοίνυν
609 2535 904 2584 καταπλεῖν
944 2529 1032 2583 ε’πὶ
1071 2532 1171 2599 τὴν
1210 2533 1424 2599 κρίσιν,
1477 2530 1536 2584 ἐν
1576 2533 1793 2584 Καλαυ-

112 2621 232 2691 ρείᾳ
272 2621 570 2684 δανείζεται
619 2622 796 2689 χιλίας
837 2620 1080 2689 δραχμὰς
1118 2619 1263 2687 παρὰ
1298 2616 1658 2689 Ἀντιφάνους
1696 2629 1795 2673 τοῦ

113 2706 467 2777 Λαμπτρέως,
505 2707 564 2770 ὃς
597 2706 813 2760 ἐπέπλει
844 2710 1036 2776 ταμίας
1077 2710 1335 2780 Φιλίππῳ
1374 2714 1448 2779 τῷ
1484 2710 1795 2780 ναυκλήρῳ,

112 2795 205 2849 ἵνα
248 2796 465 2865 διαδοίη
513 2804 627 2858 τοῖς
669 2797 956 2857 Βοιωτίοις
997 2794 1362 2865 τριηράρχοις,
1400 2793 1490 2846 καὶ
1535 2797 1795 2863 παραμεί-

111 2897 287 2937 νωσιν
325 2882 426 2946 ἕως
463 2881 533 2936 ἂν
571 2882 716 2955 αὐτῷ
760 2882 791 2951 ἡ
829 2885 1006 2952 κρίσις
1044 2881 1284 2951 γένηται,
1323 2880 1412 2934 καὶ
1451 2883 1524 2952 μὴ
1563 2886 1794 2935 καταλυ-

846 2979 850 2982 ”
1438 2969 1526 3012 10*

0 1365 2 1391 l

0 1395 2 1408 r
