2035 3158
176 149 245 199 23
668 151 828 191 xmu.
874 148 1378 206 [ΔΗΜΟΣΘΕΝΟΤΣ]

173 281 300 334 υἱὸν
338 278 426 333 καὶ
464 282 564 349 τὴν
595 279 873 349 θυγατέρα
905 283 1234 349 οἰκειότερον
1260 273 1414 334 ἐἶναι
1451 280 1656 354 ἑκάστῳ
1693 282 1851 350 ἡμῶν

175 372 382 436 μᾶλλον
434 367 467 436 ἢ
521 369 616 422 τὸν
667 367 1024 436 ἀδελφιδοῦν·
1074 367 1162 420 καὶ
1210 369 1277 421 οὐ
1326 371 1498 437 μόνον
1546 365 1673 438 παρ’
1717 368 1851 438 ἡμῖν

177 463 336 508 τοῦτο
386 458 733 525 νενόμισται,
785 454 921 507 ἀλλὰ
967 454 1054 507 καὶ
1106 457 1250 524 παρὰ
1281 465 1413 517 τοῖς
1459 456 1645 518 ἄλλοις
1682 456 1850 509 ἅπασι

110 558 150 586 2³²
177 542 266 595 καὶ
291 542 517 611 ’Ἕλλησι
557 542 645 595 καὶ
685 544 994 612 βαρβάροις.
1066 543 1250 612 ἐπειδὴ
1291 547 1480 597 τοίνυν
1518 540 1675 596 τοῦθ’
1721 543 1851 611 ὁμο-

177 634 439 698 λογεῖται,
487 630 688 700 ῥαδίως
739 632 842 698 ἤδη
892 639 1004 692 τοῖς
1050 631 1236 693 ἄλλοις
1276 627 1316 683 ὦ
1358 632 1554 699 ἄνδρες
1603 629 1852 683 δικασταὶ

174 721 724 786 παρακολουθήσετε,
779 716 867 770 καὶ
923 719 1260 786 αἰσθήσεσθε
1324 719 1550 780 τούτους
1610 717 1693 771 ὅτι
1744 711 1851 771 εἰσὶ

176 808 344 872 βίαιοι
376 804 465 858 καὶ
498 805 744 873 ἀσελγεῖς
777 807 1078 874 ἄνθρωποι.
1135 814 1233 859 τοῦ
1261 804 1591 874 Πολέμωνος
1617 808 1722 876 γὰρ
1752 813 1854 860 τοῦ

175 891 320 954 υἱέος
357 902 455 946 τοῦ
487 891 708 960 Ἁγνιόυ
741 892 952 960 ἐγένετο
985 893 1103 954 υίὸς
1135 890 1371 961 Ἁγνίας,
1409 896 1468 947 τὸ
1501 903 1598 947 τοῦ
1629 894 1852 946 πάππου

176 988 273 1032 τοῦ
325 978 522 1035 ἑαυτοῦ
574 978 725 1049 ὄνομ’
773 983 942 1050 ἔχων,
993 989 1089 1034 τοῦ
1120 978 1356 1048 Ἁγνίου.
1419 980 1508 1034 καὶ
1555 978 1713 1044 οὗτος
1751 977 1861 1059 μὲν.

110 1086 145 1112 2:
176 1069 335 1129 ἄπαις
375 1067 719 1136 ἐτελεύτησεν
769 1068 797 1121 6
830 1066 1047 1135 Ἁγνίας
1088 1068 1115 1120 6
1155 1068 1393 1137 ὕστερος.
1462 1077 1554 1136 τῆς
1597 1070 1851 1137 Φυλομά-

176 1174 271 1223 χης
312 1152 372 1207 δὲ
411 1164 503 1223 τῆς
542 1155 780 1224 ἀδελφῆς
820 1163 912 1223 τῆς
952 1155 1303 1223 Πολέμωνος,
1342 1155 1429 1208 καὶ
1466 1157 1769 1226 Φιλάγρου,
1806 1138 1849 1226 ᾦ

178 1243 380 1295 ε”δωκεν
427 1244 598 1312 αὐτὴν
645 1244 674 1296 6
723 1242 958 1311 ἀδελφὸς
999 1241 1267 1310 Πολέμων
1314 1242 1517 1313 ἀνεψιῷ
1571 1244 1689 1295 ὄντι
1729 1241 1851 1296 ἑαυ-

178 1338 274 1382 τοῦ
312 1328 365 1400 (6
407 1332 508 1399 γὰρ
560 1334 837 1398 Φίλαγρος
882 1331 1001 1391 υίὸς
1049 1326 1116 1398 ἦν
1164 1330 1506 1398 Εὐβουλίδου
1559 1338 1655 1383 τοῦ
1695 1331 1852 1382 αδελ-

176 1426 287 1486 φοῦ
325 1427 423 1471 τοῦ
455 1415 734 1485 Ἁγνίου),
774 1426 872 1470 τοῦ
913 1419 978 1485 δὴ
1024 1417 1306 1486 Φιλάγρου
1347 1426 1444 1471 τοῦ
1484 1416 1716 1481 ἀνεψιοῦ
1753 1426 1854 1470 τοῦ

184 1500 508 1574 Πολέμωνος
539 1504 627 1557 καὶ
660 1514 753 1573 τῆς
788 1506 1116 1574 Φυλομάχης
1148 1513 1238 1572 τῆς
1277 1504 1516 1574 ἀδελφῆς
1554 1512 1647 1572 τῆς
1678 1504 1852 1558 Πολέ-

177 1614 357 1662 μωνος
390 1592 602 1660 ἐγένετο
633 1594 753 1655 υίὸς
792 1593 1155 1661 Εὐβουλίδης,
1195 1594 1222 1646 ὁ
1255 1596 1428 1661 πατὴρ
1463 1593 1491 1646 ὁ
1524 1601 1616 1660 τῆς
1653 1595 1855 1662 μητρὸς

177 1671 275 1736 τοῦ
299 1683 493 1743 παιδὸς
525 1684 757 1734 τουτουί.
807 1680 894 1733 καὶ
921 1677 1069 1733 οὗτοι
1104 1678 1201 1748 μὲν
1236 1681 1370 1743 υἱεῖς
1403 1679 1653 1748 ἐγένοντο
1679 1679 1854 1734 Πολέ-

178 1790 318 1838 μωνι
358 1768 448 1822 καὶ
487 1777 550 1838 τῇ
584 1768 793 1837 ἀδελφῇ
826 1776 888 1837 τῇ
923 1766 1254 1836 Πολέμωνος
1290 1768 1603 1838 Φυλομάχῃ.
1656 1777 1755 1822 τοῦ
1787 1765 1854 1821 ’δὲ

181 1859 500 1927 Χαριδήμου
542 1856 781 1924 ἐγένετο,
822 1865 918 1909 τοῦ
960 1854 1103 1917 υίεός
1142 1865 1238 1908 τοῦ
1280 1859 1569 1923 Στρατίου,
1611 1859 1853 1925 Θεόπομ-

113 1961 154 1991 ‘25
178 1965 278 2008 πος
311 1945 340 1999 6
372 1943 592 1998 τουτουὶ
624 1946 798 2012 πατὴρ
834 1944 1215 2012 ΝΙακαρτάτου.
1285 1943 1449 1995 πάλιν
1489 1945 1556 2012 δὴ
1596 1942 1777 2013 ἐρωτῶ
1809 1940 1854 1996 ὦ

179 2035 376 2102 ἄνδρες
410 2035 675 2099 δικασταί,
715 2035 941 2101 πότερος
973 2034 1298 2098 οἰκειότερός
1332 2031 1442 2084 ἐστι
1475 2031 1562 2084 καὶ
1594 2033 1854 2100 προσήκει

179 2126 386 2190 μᾶλλον
425 2119 615 2191 Ἁγνίᾳ
662 2128 734 2191 τῷ
785 2121 979 2192 πρώτῳ
1029 2119 1244 2191 ἐκείνῳ,
1296 2119 1324 2172 6
1365 2118 1698 2187 Πολέμωνος
1735 2120 1856 2181 υἱὸς

171 2208 406 2277 Ἁγνίας,
445 2207 534 2261 καὶ
575 2208 920 2275 Εὐβουλίδης
959 2207 987 2261 ὁ
1031 2208 1360 2277 Φυλομάχης
1396 2207 1516 2268 υίὸς
1555 2205 1643 2259 καὶ
1685 2210 1853 2261 Φιλα-

180 2318 347 2366 γρου,
393 2297 426 2365 ἢ
479 2299 798 2364 Θεόπομπος
844 2295 874 2349 6
918 2297 1236 2365 Χαριδήμου
1283 2296 1430 2363 υἱός,
1483 2298 1754 2363 Στρατίου
1794 2293 1852 2348 δὲ

180 2386 393 2448 ὑϊδοῦς;
436 2384 539 2453 ἐγὼ
587 2381 686 2452 μὲν
725 2384 828 2451 γὰρ
880 2379 1028 2451 οἶμαι
1069 2381 1109 2436 ὦ
1151 2385 1348 2451 ἄνδρες
1387 2384 1659 2450 δικασταί,
1705 2388 1854 2449 εἴπερ

180 2471 267 2526 καὶ
317 2473 345 2527 6
385 2473 504 2535 υίὸς
552 2473 877 2533 οἰκειότατός
924 2471 1033 2524 ἐστι
1083 2470 1172 2524 καὶ
1218 2471 1250 2539 ἡ
1298 2471 1575 2539 θυγάτηρ,
1620 2471 1787 2523 πάλιν
1826 2471 1854 2524 ὁ

180 2561 371 2622 ὑϊδοῦς
408 2558 497 2612 καὶ
537 2559 565 2612 6
607 2558 665 2611 ἐκ
711 2567 803 2626 τῆς
841 2561 1117 2628 θυγατρὸς
1155 2559 1300 2626 υἱός,
1349 2554 1500 2611 οὗτοι
1540 2560 1861 2627 οἰκειότεροί
1876 2582 1986 2620 1058

181 2651 284 2700 εἰσι
326 2652 536 2716 μᾶλλον
576 2647 608 2715 ἢ
649 2646 678 2700 6
717 2655 816 2699 τοῦ
855 2645 1156 2714 ἀδελφιδοῦ
1196 2646 1314 2707 υίὸς
1353 2643 1441 2697 καὶ
1481 2645 1510 2698 6
1551 2643 1737 2715 ἑτέρου
1778 2646 1855 2699 ὢν

115 2751 155 2782 26
182 2741 353 2790 οἴκου.
414 2742 486 2806 τῷ
529 2731 629 2803 μὲν
669 2730 771 2787 οὖν
818 2736 1120 2805 Θεοπόμπῳ
1161 2731 1373 2800 ἐγένετο
1412 2733 1532 2795 υίὸς
1562 2733 1854 2803 Μακάρτα-

179 2843 272 2886 τος
310 2823 516 2890 οὑτοσί,
555 2829 627 2892 τῷ
671 2818 731 2874 δὲ
771 2821 1088 2891 Εὐβουλίδῃ
1128 2828 1200 2891 τῷ
1242 2827 1335 2888 τῆς
1367 2821 1694 2890 Φυλομάχης
1730 2819 1858 2889 υἱεῖ,

182 2911 389 2982 ἀνεψιῷ
443 2907 492 2962 δ’
530 2907 752 2977 Ἁγνίου
801 2910 917 2962 ὄντι
967 2910 1102 2975 πρὸς
1139 2910 1369 2975 πατρός,
1419 2906 1607 2961 οὑτοσὶ
1647 2909 1675 2962 ὁ
1714 2918 1857 2976 παῖς,
