2035 3158
649 140 812 182 ΠΡΟΣ
843 139 1001 182 ΜΑΚΑ
1010 140 1256 183 PTATON.
1720 142 1754 189 4
1763 143 1786 189 l

189 281 406 342 θῶνται,
453 277 569 342 πρὶν
624 276 765 343 ἥλιον
821 273 1009 341 ἐξέχειν.
1081 277 1295 340 βαδίζειν
1345 276 1397 327 δὲ
1448 277 1560 337 τοὺς
1610 274 1797 340 ἄνδρας

187 357 435 423 πρόσθεν,
492 357 607 407 ὅταν
665 355 986 421 ἐκφέρωνται,
1037 356 1119 417 τὰς
1174 355 1226 407 δὲ
1279 363 1516 425 γυναῖκας
1569 355 1797 408 ὄπισθεν.

187 443 398 504 γυναῖκα
446 436 498 488 δὲ
544 437 610 504 μὴ
659 437 835 498 ἐξεῖναι
881 435 1081 487 εἰσιέναι
1119 439 1188 498 εἰς
1226 437 1283 487 τὰ
1322 446 1408 488 τοῦ
1447 437 1797 499 ἀποθανόντος·

185 507 314 585 μηδἸ
344 518 645 570 ἀκολουθεῖν
694 518 1027 584 ἀποθανόντι,
1079 519 1194 568 ὅταν
1242 519 1310 579 εἰς
1348 518 1405 568 τὰ
1446 518 1633 584 σήματα
1671 516 1791 585 ἅγη-

184 619 286 664 ται,
337 598 471 659 ἐντὸς
521 593 741 662 ἑξήκοντ’
789 597 916 649 ε’τῶν
967 604 1250 666 γεγονυῖαν,
1313 599 1441 664 πλὴν
1496 599 1604 651 ὅσαι
1658 598 1797 660 ἐντὸς

184 679 469 743 ἀνεψιαδῶν
513 680 625 729 εἰσι·
672 674 788 743 μηδ’
824 671 906 740 ἐἰς
951 679 1006 730 τὰ
1052 687 1140 730 τοῦ
1185 677 1530 740 ἀποθανόντος
1577 678 1797 745 εἰσιέναι,

189 757 388 809 ἐπειδὰν
426 757 654 827 ἐξενεχθῇ
701 755 727 807 ὅ
766 757 938 820 νέκυς,
984 762 1194 823 γυναῖκα
1233 759 1475 823 μηδεμίαν
1514 757 1642 822 πλὴν
1682 759 1791 809 ὅσαι

183 838 317 898 ἐντὸς
365 837 650 899 ἀνεψιαδῶν
689 839 823 889 εἰσιν.

43 990 84 1021 63
223 967 339 1021 Οὐκ
380 967 442 1038 ἐᾷ
482 965 707 1021 εἰσιέναι
748 963 815 1021 οὗ
854 966 922 1021 ἂν
962 962 996 1039 ᾗ
1037 967 1065 1021 ὁ
1099 969 1487 1037 τετελευτηκὼς
1525 968 1791 1038 οὐδεμίαν

107 1065 341 1124 γυναῖκα
378 1056 552 1125 ἄλλην
591 1055 625 1125 ἢ
664 1056 758 1118 τὰς
799 1057 1183 1125 προσηκούσας
1221 1054 1376 1126 μέχρι
1417 1055 1790 1130 ἀνεψιότητος,

107 1143 195 1197 καὶ
226 1146 362 1214 πρὸς
390 1147 451 1197 τὸ
484 1152 669 1213 μνῆμα
700 1143 1034 1197 ἀκολουθεῖν
1073 1144 1167 1206 τὰς
1198 1143 1362 1207 αὐτὰς
1400 1145 1610 1208 ταύτας.
1674 1149 1787 1200 Φυ-

108 1228 316 1302 λὀμάχη
360 1234 551 1286 τοίνυν
590 1231 624 1301 ἡ
663 1231 999 1300 Πολέμωνος
1045 1230 1256 1301 ἀδελφὴ
1304 1241 1404 1286 τοῦ
1449 1235 1651 1303 πατρὸς
1688 1243 1790 1289 τοῦ

97 1318 323 1389 Ἀγνίου
355 1319 455 1374 οὐκ
486 1319 684 1384 ἀνεψιὰ
718 1316 786 1389 ἦν
810 1318 1019 1391 Ἁγνίᾳ,
1059 1319 1194 1373 ἀλλὰ
1227 1323 1405 1389 τηθίς·
1439 1319 1650 1392 ἀδελφὴ
1683 1323 1786 1392 γὰρ

107 1406 174 1478 ἦν
216 1407 548 1477 Πολέμωνος
593 1417 692 1462 τοῦ
738 1410 938 1477 πατρὸς
983 1417 1081 1461 τοῦ
1122 1406 1360 1477 Ἁγνίου.
1438 1410 1789 1481 Εὐβουλίδης

106 1493 165 1551 δὲ
197 1497 226 1550 ὁ
261 1497 382 1559 υίὸς
413 1498 610 1565 ταύτης
641 1504 734 1566 τῆς
766 1498 1025 1565 γυναικὸς
1057 1495 1280 1561 ἀνεψιὸς
1312 1494 1380 1566 ἦν
1412 1500 1546 1565 πρὸς
1584 1504 1787 1570 πατρὸς

95 1585 316 1657 Ἁγνίᾳ,
369 1580 436 1639 οὗ
492 1584 640 1638 ἐστιν
689 1584 719 1639 ὁ
770 1589 981 1655 κλῆρος.
1051 1592 1148 1638 τοῦ
1201 1583 1249 1638 δ’
1308 1586 1662 1655 Εὐβουλίδου
1715 1585 1789 1658 ἦν

38 1695 76 1726 6⁴
103 1673 354 1743 θυγάτηρ
385 1672 418 1741 ἡ
449 1671 672 1726 τουτουὶ
712 1681 810 1726 τοῦ
849 1675 1043 1735 παιδὸς
1081 1676 1272 1742 μήτηρ.
1342 1676 1538 1738 ταύτας
1576 1678 1784 1732 κελεύει

104 1762 197 1824 τὰς
234 1761 616 1831 προσηκούσας
661 1758 749 1812 καὶ
796 1770 1048 1829 παρεῖναι
1095 1768 1159 1830 τῇ
1199 1761 1463 1831 προθέσει
1503 1772 1604 1818 τοῦ
1641 1784 1786 1819 τετε-

104 1832 424 1919 λευτηκότος
464 1847 552 1901 καὶ
592 1846 679 1901 ἐπὶ
712 1849 772 1902 τὸ
806 1856 988 1917 μνῆμα
1029 1847 1382 1917 ἀκολουθεῖν,
1421 1850 1488 1904 οὐ
1525 1853 1627 1922 τὴν
1659 1857 1783 1921 Ma»

102 1938 371 2008 καρτάτου
411 1935 615 2006 μητέρα
648 1934 777 1990 οὐδὲ
818 1940 917 2005 τὴν
952 1941 1279 2007 Θεοπόμπου
1320 1950 1574 2007 γυναῖκα·
1616 1940 1784 1997 οὐδὲν

103 2028 205 2096 γὰρ
245 2033 518 2095 προσῆκεν
550 2023 741 2096 Ἀγνίᾳ
780 2026 943 2094 αὕτη,
994 2023 1113 2079 ἀλλ’
1168 2024 1236 2095 ἦν
1284 2026 1337 2092 ἐξ
1387 2026 1570 2098 ἑτέρας
1607 2036 1789 2100 φυλῆς

97 2112 486 2184 Ἀκαμαντίδος
516 2112 606 2166 καὶ
631 2113 687 2177 ἐξ
721 2111 910 2183 ἑτέρου
943 2115 1121 2183 δήμου
1148 2119 1605 2187 Προσπαλτόθεν,
1645 2120 1781 2175 ὥστε

102 2204 162 2256 τὸ
193 2203 448 2271 παράπαν
481 2199 602 2255 οὐδ’
640 2200 864 2273 ᾔσθετο,
905 2204 992 2256 ὅτε
1036 2200 1104 2272 ἦν
1136 2207 1524 2274 τετελευτηκὼς
1548 2205 1781 2276 Ἁγνίας.

36 2313 78 2344 οε
103 2290 610 2360 ὑπεραναίσχυντον
650 2291 718 2359 δὴ
752 2287 904 2344 οὗτοι
937 2293 1393 2357 κατασκευάζουσι
1432 2303 1669 2365 πρᾶγμα,
1707 2297 1781 2361 ὡς

100 2378 205 2448 ἄρα
245 2379 333 2431 δεῖ
367 2378 505 2447 ἡμᾶς
543 2376 632 2431 καὶ
671 2380 766 2441 τὰς
803 2390 1065 2447 γυναῖκας
1114 2382 1208 2443 τὰς
1246 2380 1504 2451 ἡμετέρας
1542 2392 1641 2438 τοῦ
1677 2383 1779 2455 μὲν

100 2468 348 2536 σώματος
384 2475 484 2520 τοῦ
508 2464 763 2535 Ἁγνίου,
814 2465 890 2520 ὅτ’
939 2467 1359 2538 ἐτετελευτήκει,
1404 2475 1780 2542 κληρονόμους
1800 2491 1913 2529 [Oti⁵

99 2552 240 2608 εἶναι
277 2553 368 2609 καὶ
407 2565 587 2609 ποιεῖν
625 2556 836 2608 ἅπαντα
876 2556 939 2608 τὰ
979 2560 1325 2626 νομιζόμενα,
1365 2559 1438 2621 ὡς
1475 2563 1779 2630 προσήκον-

97 2663 192 2706 τας
228 2641 320 2697 καὶ
360 2642 505 2712 γένει
545 2645 707 2706 ὄντας
746 2642 1043 2712 ἐγγυτάτω·
1097 2647 1193 2699 τὸν
1227 2644 1287 2699 δὲ
1318 2652 1524 2716 κλῆρον
1557 2653 1775 2702 οἴεσθαι

98 2731 217 2784 δεῖν
250 2733 392 2802 ἔχειν
423 2733 520 2784 τὸν
544 2729 768 2799 Ἀγνίου
799 2740 898 2785 τοῦ
929 2735 1367 2802 τετελευτηκότος
1391 2734 1779 2804 Μακάρτατον,

97 2818 155 2872 ἐκ
192 2828 292 2874 τοῦ
339 2823 615 2889 Στρατίου
663 2825 818 2873 οἴκου
867 2822 999 2874 ὄντα
1045 2819 1130 2874 καὶ
1184 2820 1241 2874 ἐκ
1289 2829 1381 2890 τῆς
1427 2819 1782 2892 Ἀπολήξιδος

95 2915 194 2960 τοῦ
234 2910 625 2975 Προσπαλτίου
663 2912 966 2977 θυγατρός,
1007 2911 1374 2988 Μακαρτάτου
1416 2907 1464 2963 δ’
1522 2909 1779 2981 ἀδελφῆς.
