2035 3158
33 399 73 433 39

34 1194 78 1224 40

102 169 126 216 l
138 167 207 217 14
575 167 753 208 van.
799 164 1303 223 [ΔΗΜΟΣΘΕΝΟΥΣ]

96 300 157 352 τὸ
212 300 409 366 στόμα,
468 295 558 351 καὶ
612 297 717 365 ἐγὼ
773 297 1275 367 ἐπιμαρτυράμενος
1321 299 1450 360 τοὺς
1501 300 1776 366 παρόντας

99 385 404 455 ἠμυνάμην.
467 385 539 448 ὡς
578 381 680 439 οὖν
720 384 902 454 ἀληθῆ
942 383 1097 455 λέγω,
1134 383 1225 438 καὶ
1263 381 1390 454 ἦρξε
1419 394 1618 455 χειρῶν
1657 383 1775 437 ἀδί-

97 476 211 525 κων
251 473 279 527 ὁ
322 475 631 542 Θεόφημος,
670 472 772 526 οὐκ
802 474 1044 526 ἄλλοθεν
1084 474 1202 525 δεῖν
1236 469 1386 541 οἶμαι
1416 473 1514 526 τὸν
1552 475 1802 542 ἔλεγχον·

99 557 356 627 γενέσθαι
394 560 428 629 ἢ
468 560 526 613 ἐκ
564 568 656 628 τῆς
695 559 1024 629 ἀνθρώπου,
1063 559 1131 628 ἣν
1170 561 1644 630 μεμαρτυρήκασιν
1683 556 1776 615 οὗ·
1837 608 1840 612 .

99 667 182 700 τοι
228 638 298 700 οἶι
326 648 592 718 μάρτυρες
631 648 703 710 ὡς
748 649 950 715 ἤθελεν
991 648 1019 701 ὁ
1062 649 1349 716 Θεόφημος
1394 649 1775 716 παραδιδόναι.

98 736 266 805 ταύτῃ
306 731 367 788 δὲ
405 743 468 804 τῇ
507 739 795 806 μαρτυρίᾳ,
834 738 1095 804 πρότερος
1127 735 1395 788 εἰσελθὼν
1427 736 1503 797 εἰς
1532 737 1592 789 τὸ
1625 737 1903 791 &xa-1161
1978 711 2000 757 ’ᾖ

101 824 345 891 στήριον,
385 823 451 876 οὐ
490 821 990 893 παραγραφομένου
1030 822 1165 891 ἐμοῦ
1204 820 1324 876 οὐδ’
1368 821 1777 892 ὑπομνυμένου,

101 912 193 963 διὰ
231 912 291 965 τὸ
331 908 419 964 καὶ
459 914 726 981 πρότερόν
764 930 893 964 ποτε
934 909 1017 980 ἐφ’
1059 909 1263 980 ἑτέραις
1296 912 1471 973 δίκαις
1506 912 1674 965 ταῦτά
1711 932 1778 982 με

100 999 324 1067 βλάψαι,
363 998 659 1068 ἐξηπάτησε
699 1001 828 1061 τοὺς
867 999 1125 1061 δικαστὰς
1164 997 1359 1067 λέγων,
1399 999 1495 1061 οὓς
1533 996 1633 1068 μὲν
1672 1000 1777 1068 ἐγὼ

101 1090 437 1157 παρειχόμην
487 1087 793 1157 μάρτυρας,
842 1087 907 1140 τὰ
957 1088 1133 1155 ψευδῆ
1184 1096 1512 1156 μαρτυρεῖν,
1568 1088 1668 1156 τὴν
1717 1085 1780 1142 δὲ

103 1176 402 1244 ἄνθρωπον
443 1174 587 1244 ἐρεῖν
633 1175 728 1236 τὰς
774 1173 1038 1243 ἀληθείας
1083 1172 1528 1243 βασανιζομένην.
1591 1168 1673 1238 οἷς
1719 1172 1781 1229 δὲ

104 1264 222 1315 τότε
260 1272 597 1332 κατεχρῶντο
640 1265 844 1330 λόγοις,
884 1270 991 1315 νῦν
1023 1261 1207 1324 αὐτοῖς
1246 1261 1616 1332 ἐξελέγχονται
1652 1262 1782 1316 ὑπε-

107 1353 296 1403 ναντία
334 1359 638 1413 ποιοῦντες·
679 1352 779 1418 τὴν
812 1350 916 1418 γὰρ
957 1350 1260 1416 ἄνθρωπον
1299 1349 1366 1403 οὐ
1406 1350 1645 1419 δύναμαι
1681 1369 1782 1404 πα-

105 1441 365 1506 ραλαβεῖν
414 1438 674 1500 πολλάκις
724 1437 1033 1506 ἐξαιτήσας,
1083 1437 1156 1499 ὡς
1193 1438 1596 1506 μεμαρτύρηται
1632 1437 1783 1507 ὑμῖν.

106 1525 291 1594 ἐπειδὴ
346 1528 537 1579 τοίνυν
591 1526 691 1594 τὴν
747 1526 1049 1594 ἄνθρωπον
1114 1525 1180 1578 οὐ
1233 1526 1658 1595 παραδιδόασιν,
1711 1526 1794 1594 ἣνγ

106 1611 261 1666 αὐτοὶ
300 1615 510 1683 ἔφασαν
541 1611 1008 1682 προκαλέσασθαι,
1048 1614 1317 1681 βούλομαι
1357 1614 1488 1682 ὑμῖν
1526 1611 1618 1666 καὶ
1654 1617 1784 1677 τοὺς

106 1700 380 1770 μάρτυρας
432 1700 838 1770 παρασχέσθαι,
889 1704 947 1754 οἳ
995 1697 1148 1754 εἶδόν
1202 1719 1266 1769 με
1327 1703 1596 1771 πρότερον
1647 1706 1782 1770 πλη-

108 1786 268 1856 γέντα
305 1788 412 1842 ὑπὸ
451 1797 550 1842 τοῦ
591 1792 903 1858 Θεοφήμου.
965 1788 998 1857 ἡ
1032 1785 1083 1841 δ’
1121 1794 1297 1841 αἴκεια
1338 1786 1481 1842 τοῦτ’
1520 1791 1688 1858 ἔστιν,
1724 1789 1785 1852 ὃς

107 1876 175 1929 ἂν
208 1875 341 1947 ἄρξῃ
374 1885 570 1946 χειρῶν
604 1876 812 1929 ἀδίκων
847 1879 1173 1946 [πρότερος],
1211 1877 1389 1939 ἄλλως
1426 1896 1482 1928 τε
1522 1875 1612 1929 καὶ
1649 1877 1784 1930 κατὰ

108 1967 203 2018 τὸν
235 1967 409 2032 νόμον
439 1962 530 2016 καὶ
561 1965 696 2017 κατὰ
728 1965 794 2016 τὰ
826 1968 1145 2033 ψηφίσματα
1180 1965 1241 2016 τὰ
1274 1963 1504 2033 ὑμέτερα
1536 1964 1784 2035 εἰσπράτ-

108 2071 284 2105 τοντα.
366 2054 463 2104 καί
517 2071 611 2121 μοι
673 2050 960 2120 ἀνάγνωθι
1019 2052 1085 2105 τὰ
1156 2055 1476 2121 ψηφίσματα
1535 2051 1626 2105 καὶ
1684 2054 1786 2122 τὴν

57 2170 60 2173 >
108 2142 428 2209 μαρτυρίαν.

39 2421 84 2451 41

569 2286 949 2330 ΨΗΦΙΣΜΑΤΑ.
998 2286 1313 2327 ΜΑΡΤΤΡΙΑ.

212 2401 432 2472 Ἐπειδὴ
471 2406 662 2456 τοίνυν
702 2402 991 2473 ἀφῃρέθην
1025 2403 1090 2456 τὰ
1124 2402 1354 2474 ἐνέχυρα
1385 2404 1491 2458 ὑπὸ
1522 2410 1622 2458 τοῦ
1653 2406 1787 2458 Θεο-

109 2493 296 2560 φήμου
333 2489 423 2544 καὶ
462 2493 798 2560 συνεκόπην,
846 2490 1029 2544 ἐλθὼν
1075 2493 1152 2553 εἰς
1196 2493 1296 2560 τὴν
1343 2492 1553 2560 βουλὴν
1600 2493 1694 2554 τάς
1731 2512 1787 2544 τε

110 2579 318 2647 πληγὰς
356 2578 535 2642 ἔδειξα
574 2577 663 2631 καὶ
704 2578 736 2631 ἃ
775 2579 1068 2641 πεπονθὼς
1105 2575 1176 2648 ἦν
1216 2576 1392 2647 εἷπον,
1430 2577 1519 2631 καὶ
1559 2577 1641 2630 ὅτι
1679 2580 1788 2631 εἰσ-

110 2667 361 2734 πράττων
391 2674 455 2735 τῇ
487 2669 642 2719 πόλει
675 2667 738 2718 τὰ
771 2667 953 2734 σκεύη.
1027 2665 1444 2735 ἀγανακτήσασα
1476 2662 1525 2719 δ’
1556 2664 1589 2733 ἡ
1614 2668 1789 2735 βουλὴ

112 2751 194 2822 ἐφ’
243 2746 324 2815 οἷς
364 2752 468 2821 ἐγὼ
509 2753 865 2821 ἐπεπόνθειν,
912 2752 1000 2806 καὶ
1041 2754 1238 2807 ἰδοῦσά
1276 2773 1340 2823 με
1380 2753 1453 2816 ὡς
1492 2754 1791 2822 διεκείμην,

112 2838 202 2892 καὶ
255 2838 570 2908 ἡγησαμένη
624 2841 891 2909 ὑβρίσθαι
951 2840 1052 2893 οὐκ
1106 2839 1223 2909 ε’μέ,
1277 2838 1394 2894 ἀλλ’
1448 2838 1647 2909 ἑαυτὴν
1699 2839 1792 2894 καὶ

68 2984 70 2986 ,
113 2930 208 2981 τὸν
249 2929 427 2995 δῆμον
466 2930 562 2981 τὸν
602 2928 987 2997 ψηφισάμενον
1019 2926 1109 2981 καὶ
1141 2929 1236 2982 τὸν
1277 2933 1451 2996 νόμον
1489 2929 1586 2982 τὸν
1626 2927 1790 2996 ἀναγ-
