2035 3158
269 155 375 206 232
769 157 884 198 1.v1.
931 155 1436 214 [ΔΗΜΟΣΘΕΝΟΤΣ]

202 301 244 333 ³2
273 290 468 351 ζονται.
529 291 703 341 καίτοι
743 290 823 350 τίς
861 287 930 342 ἂν
970 287 1179 357 οἰκέτης
1209 290 1269 343 τὸ
1301 297 1400 343 τοῦ
1433 291 1700 344 δεσπότου
1737 294 1943 361 χωρίον

195 1179 233 1208 33

264 376 768 444 περιοικοδομήσειε
800 376 873 444 μὴ
905 377 1307 444 προστάξαντος
1337 385 1436 431 τοῦ
1469 379 1762 442 δεσπότου;
1793 379 1940 431 Καλ-

265 463 413 535 λάρῳ
465 460 513 516 δ’
560 463 768 532 ἕτερον
798 463 1047 531 ἐγκαλεῖν
1099 462 1265 518 οὐδὲν
1308 467 1551 535 ἔχοντες,
1599 461 1737 534 ὑπὲρ
1785 460 1863 518 ὧν
1908 465 1941 520 ὁ

264 552 437 620 πατὴρ
477 549 644 604 πλεόν
683 550 716 619 ἢ
755 549 1125 605 πεντεκαίδεκ’
1171 555 1262 621 ἔτη
1309 553 1516 621 φράξας
1555 552 1751 622 ἐπεβίω
1781 553 1940 608 ,δικά-

266 640 458 701 ζονται.
550 638 653 692 κᾶν
707 636 807 708 μὲν
863 639 968 707 ἐγὼ
1024 650 1134 693 τῶν
1188 645 1403 711 χωρίων
1458 639 1674 694 ἀποστῶ
1729 641 1942 704 τούτοις

264 725 603 795 ἀποδόμενος
641 726 674 795 ἢ
713 730 849 796 πρὸς
900 727 1054 797 ἕτερα
1105 732 1276 798 χωρία
1327 727 1723 798 ἀλλαξάμενος,
1771 725 1940 791 οὐδὲν

263 812 443 867 ἀδικεῖ
477 815 792 883 Κάλλαρος·
841 814 909 868 ἂν
959 813 1012 868 δ’
1059 815 1164 884 ἐγὼ
1212 818 1283 885 μὴ
1332 819 1612 885 βούλωμαι
1663 815 2035 885 τάμαυτοῦ128

263 902 474 965 τούτοις
511 902 809 973 προέσθαι,
855 904 1030 957 πάντα
1070 905 1134 956 τὰ
1174 903 1450 958 δεινόταθ’
1497 905 1603 958 ὑπὸ
1644 904 1939 973 Καλλάρου

259 991 564 1059 πάσχουσιν
629 988 808 1060 οὗτοι,
871 990 958 1044 καὶ
1024 995 1238 1060 ζητοῦσι
1301 991 1390 1045 καὶ
1452 993 1733 1062 διαιτητὴν
1793 988 1970 1055 ὅστις

261 1077 444 1140 αὐτοῖς
503 1078 568 1131 τὰ
629 1082 802 1149 χωρία
864 1082 1443 1149 προσκαταγνώσεται,
1513 1078 1601 1133 καὶ
1663 1081 1941 1142 διαλύσεις

259 1166 510 1228 τοιαύτας
570 1166 622 1231 ἐξ
684 1162 761 1220 ὧν
820 1168 883 1220 τὰ
939 1166 1098 1237 χωρί’
1166 1168 1398 1232 ἕξουσιν.
1481 1169 1533 1221 εἰ
1586 1164 1686 1237 μὲν
1742 1163 1845 1222 οὖν
1893 1162 1938 1221 ὦ

258 1252 457 1322 ἄνδρες
511 1253 759 1308 δικασταὶ
821 1257 948 1318 τοὺς
1003 1254 1461 1325 ἐπιβουλεύοντας
1519 1254 1610 1308 καὶ
1664 1270 1937 1324 συκοφαν-

258 1349 489 1404 τοῦντας
539 1344 627 1396 δεῖ
672 1341 840 1397 πλέον
893 1346 1066 1413 ἔχειν,
1118 1342 1285 1397 οὐδὲν
1335 1343 1405 1397 ἂν
1456 1346 1652 1413 ὄφελος
1698 1349 1780 1413 εἴη
1828 1351 1958 1407 τῶν,

257 1429 586 1497 εἰρημένων·
646 1432 698 1484 εἰ
746 1429 799 1484 δ’
857 1431 1009 1500 ὑμεῖς
1059 1434 1185 1494 τοὺς
1235 1430 1334 1501 μὲν
1383 1432 1667 1494 τοιούτους
1716 1441 1940 1501 μισεῖτε,

257 1518 320 1569 τὰ
370 1514 430 1570 δὲ
479 1519 661 1571 δίκαια
712 1522 1046 1588 ψηφίζεσθε,
1097 1517 1220 1587 μήτ’
1279 1518 1686 1582 ἀπολωλεκότος
1735 1521 1939 1572 Καλλι-

257 1603 449 1667 κλέους
499 1603 670 1675 μηδὲν
722 1604 846 1676 μήτ’
905 1606 1239 1676 ἠδικημένου
1290 1604 1426 1676 μήθ’
1484 1607 1589 1660 ὑπὸ
1642 1607 1937 1676 Καλλάρου

257 1691 393 1762 μήθ’
433 1694 539 1747 ὑπὸ
581 1703 677 1748 τοῦ
717 1697 937 1764 πατρός,
979 1695 1080 1748 οὐκ
1119 1691 1224 1748 οἶδ’
1264 1694 1293 1747 ὅ
1327 1715 1376 1747 τι
1411 1696 1499 1748 δεῖ
1532 1699 1700 1748 πλείω
1742 1693 1938 1763 λέγειν.

257 1782 348 1834 ἵνα
389 1778 442 1834 δ’
481 1780 663 1850 εἰδῆθ’
705 1783 788 1835 ὅτι
827 1782 915 1836 καὶ
955 1786 1225 1852 πρότερον
1267 1782 1641 1851 ἐπιβουλεύων
1680 1802 1787 1851 μου
1825 1790 1941 1846 τοῖς
1976 1822 1979 1823 ⁷

256 1872 476 1939 χωρίοις
513 1871 609 1923 τὸν
651 1869 878 1934 ἀνεψιὸν
919 1872 1305 1939 κατεσκεύασε,
1344 1869 1432 1924 καὶ
1472 1879 1576 1925 νῦν
1618 1869 1805 1939 ἑτέραν
1842 1869 1940 1924 αὖ·

257 1959 346 2021 τὸς
383 1959 803 2028 κατεδιῃτήσατο
845 1959 1140 2028 Καλλάρου
1190 1960 1448 2028 τοιαύτην
1491 1960 1671 2027 δίκην,
1711 1957 1939 2027 ἐπηρεά·

259 2048 363 2109 ζων
403 2044 523 2114 ἐμοὶ
565 2047 706 2100 διότι
746 2049 843 2100 τὸν
882 2048 1183 2116 ἄνθρωπον
1230 2045 1355 2116 περὶ
1401 2051 1611 2100 πολλοῦ
1657 2054 1939 2115 ποιοῦμαι,

256 2131 346 2186 καὶ
396 2134 668 2207 Καλλάρῳ
722 2135 888 2187 πάλιν
943 2139 1156 2205 εἴληχεν
1213 2132 1435 2204 ἑτέραν,
1496 2133 1752 2187 ἁπάντων
1808 2133 1939 2204 ὑμῖν

257 2220 629 2289 ἀναγνώσεται
668 2223 762 2285 τὰς
802 2226 1115 2291 μαρτυρίας.

924 2383 1263 2426 ΜΑΡΤΤΡΙΑΙ.

365 2486 466 2555 Μὴ
518 2481 620 2540 οὖν
670 2487 805 2554 πρὸς
844 2487 982 2548 Διὸς
1030 2484 1119 2538 καὶ
1168 2491 1320 2539 θεῶν
1359 2481 1400 2539 ὦ
1441 2486 1639 2555 ἄνδρες
1688 2483 1937 2539 δικασταὶ

254 2572 508 2642 προῆσθέ
557 2592 622 2643 με
677 2574 890 2636 τούτοις
944 2571 1115 2643 μηδὲν
1170 2573 1481 2628 ἀδικοῦντα.
1567 2573 1634 2627 οὐ
1687 2574 1791 2643 γὰρ
1845 2581 1970 2643 τῆς,

258 2663 444 2729 ζημίας
494 2663 759 2715 τοσοῦτόν
812 2664 868 2714 τί
913 2681 1006 2731 μοι
1045 2660 1226 2731 μέλει,
1275 2663 1512 2732 χαλεπὸν
1552 2661 1617 2715 ὂν
1655 2668 1787 2715 πᾶσι
1824 2669 1939 2725 τοῖς

255 2749 454 2818 μικρὰν
513 2748 710 2802 οὐσίαν
768 2751 1016 2819 ἔχουσιν·
1076 2747 1196 2802 ἀλλ’
1263 2749 1623 2819 ἐκβάλλουσιν
1682 2748 1823 2812 ὅλως
1877 2747 1938 2803 ἐκ

254 2844 353 2889 τοῦ
393 2837 572 2905 δήμου
611 2834 668 2906 μ’
717 2836 1038 2900 ἐλαύνοντες
1076 2836 1167 2890 καὶ
1207 2845 1693 2906 συκοφαντοῦντες.
1756 2836 1839 2890 ὅτι
1879 2832 1930 2891 δ’

255 2923 355 2976 οὐκ
409 2922 708 2993 ἀδικοῦμεν
762 2922 961 2993 οὐδέν,
1022 2924 1230 2993 ἕτοιμοι
1283 2922 1383 2993 μὲν
1438 2921 1574 2994 ἦμεν
1630 2922 1937 2998 ἐπιτρέπειν

2025 2607 2035 3158 -ψ-ὴ-ᾑ-*ῌᾼ
2034 2592 2035 2598 Α
