2035 3158
85 995 131 1026 61

87 2048 134 2079 «2

163 148 271 207 1360
641 147 799 188 xmx.
847 144 1352 202 [ΔΗΜΟΣΘΕΝΟΤΣ]

159 299 274 347 τος,
330 277 544 348 μέλλων
600 277 902 344 ἀνάγεσθαι
959 277 1032 339 ὡς
1084 275 1335 345 βασιλέα,
1390 275 1687 345 συνέστησε
1743 278 1837 331 τὸν

157 367 458 419 Φιλώνδαν
509 373 581 438 τῷ
633 362 794 433 πατρὶ
841 372 913 436 τςό
965 363 1096 436 ἐμῷ·
1147 373 1246 418 τοῦ
1287 361 1340 417 δ’
1385 362 1617 434 ὑστέρου
1659 364 1837 419 ἐνιαυ-

155 463 275 521 τοῦ,
315 452 400 522 ἐπὶ
432 451 824 514 Ἀλκισθένους
871 453 1158 521 ἄρχοντος,
1207 451 1513 521 ἀφικνεῖται
1553 451 1581 505 6
1624 453 1837 505 Φιλών-

156 542 256 603 δάς
300 542 451 609 ἄγων
498 541 561 593 τὰ
609 539 745 603 ξύλα
793 539 850 592 ἐκ
895 548 989 608 τῆς
1027 542 1404 606 Μακεδονίας,
1450 537 1540 591 καὶ
1581 542 1739 608 ἔλαβε
1776 543 1837 593 τὸ

156 633 364 682 ναῦλον
401 639 511 681 τῶν
552 628 730 691 ξύλων
769 628 914 697 παρὰ
956 635 1053 680 τοῦ
1085 629 1285 696 πατρὸς
1316 636 1413 681 τοῦ
1447 626 1598 695 ἐμοῦ,
1638 626 1839 696 ἀποδη-

157 725 391 783 μοῦντος
444 717 642 768 τούτου
697 715 841 783 παρὰ
897 717 1125 783 βασιλεῖ.
1206 715 1512 783 ἐγράψαντο
1569 710 1696 782 οὖν,
1752 716 1838 768 ὅτε

158 805 416 857 ἐδίδοσαν
449 805 507 856 τὸ
541 802 829 870 ἀργύριον,
870 803 1161 872 ὀφείλοντα
1193 811 1417 871 τοῦτον,
1457 802 1555 872 οὐχ
1589 802 1675 854 ὅτε
1710 817 1839 855 συν-

160 891 346 960 έστησε
403 893 500 944 τὸν
554 891 849 942 Φιλώνδαν
907 897 979 961 τῷ
1040 887 1201 958 πατρὶ
1259 896 1333 960 τῷ
1387 889 1494 961 ἐμςό
1545 890 1837 959 ἐπιδημῶν.

157 980 243 1032 ὅτε
283 976 384 1047 μὲν
423 980 526 1048 γὰρ
568 976 928 1046 συνέστησεν,
976 975 1192 1030 οὐδέπω
1234 978 1299 1029 τὰ
1339 976 1473 1041 ξύλα
1512 974 1668 1046 ἧκεν,
1715 977 1832 1032 ἀλλ’

156 1069 378 1135 ἔμελλεν
419 1063 498 1119 ἐπ’
546 1065 679 1118 αὐτὰ
721 1065 748 1120 ὁ
792 1066 1082 1127 Φιλώνδας
1134 1066 1233 1133 τὴν
1271 1069 1498 1135 πορείαν
1536 1071 1837 1120 ποιεῖσθαι·

157 1155 244 1208 ὅτε
285 1153 338 1209 δ’
385 1151 524 1224 ἦλθε
564 1154 628 1207 τά
669 1152 803 1218 ξύλα
845 1154 1013 1221 ἄγων,
1053 1150 1212 1216 οὗτος
1250 1150 1349 1222 μὲν
1389 1152 1670 1223 ἀπεδήμει,
1709 1155 1737 1208 6
1778 1153 1836 1209 δὲ

159 1244 450 1305 Φιλώνδας
482 1244 640 1310 ἔλαβε
673 1243 733 1296 τὸ
765 1245 976 1295 ναῦλον
1011 1251 1121 1294 τῶν
1155 1241 1361 1308 ξύλων,
1399 1241 1648 1311 καθάπερ
1682 1238 1840 1305 οὗτος

154 1329 425 1399 ἐκέλευσε,
464 1328 553 1382 καὶ
593 1329 932 1398 ἀνεκομίσθη
983 1331 1060 1391 εἰς
1106 1331 1204 1397 τὴν
1252 1331 1431 1381 οἰκίαν
1470 1330 1570 1397 τὴν
1610 1328 1670 1382 ἐν
1709 1334 1839 1383 Πει-

155 1428 304 1488 ραιεῖ
328 1420 428 1488 τὴν
460 1419 659 1471 τούτου
693 1418 756 1470 τὰ
790 1417 940 1480 ξύλα.
1005 1417 1086 1469 ὅτι
1120 1415 1168 1470 δ’
1203 1417 1302 1469 οὐκ
1342 1417 1594 1486 εὐπορῶν
1634 1417 1838 1482 ἐξέπλει

156 1505 406 1572 ἐνθένδε,
447 1511 557 1558 ι”στε
598 1501 697 1573 μὲν
737 1503 826 1557 καὶ
868 1503 1022 1558 αὐτοὶ
1064 1504 1214 1566 ὅσοις
1247 1504 1416 1558 αὐτοῦ
1449 1505 1479 1572 ἡ
1515 1504 1674 1557 οὐσία
1714 1507 1839 1575 ὡρι-

156 1592 326 1662 σμένη
375 1589 468 1661 ἧν,
517 1592 612 1654 οὓς
658 1600 763 1645 νῦν
812 1591 1119 1659 ἀποστερεῖ·
1169 1593 1259 1644 ἵνα
1308 1590 1355 1644 δ’
1403 1594 1579 1661 εἰδῆτε
1628 1593 1709 1646 ὅτι
1749 1593 1833 1647 καὶ

156 1681 289 1734 ἄνευ
342 1679 618 1749 ἐνεχύρων
670 1677 872 1748 ὤφειλέ
919 1693 1027 1732 τισι
1077 1688 1188 1733 τῶν
1238 1683 1507 1747 πολιτῶν,
1554 1680 1654 1734 οὐκ
1701 1684 1840 1752 ἔχων

155 1768 452 1822 ὑποθεῖναι
492 1767 556 1819 τὰ
595 1766 737 1835 ἄξια,
776 1765 1072 1836 ἀνάγνωθί
1108 1787 1200 1836 μοι
1239 1768 1339 1836 τὴν
1379 1772 1701 1838 μαρτυρίαν.

848 1930 892 1968 Μ
896 1927 1164 1970 ΑΡΤΥΡΙΑ.

270 2030 410 2099 Περὶ
452 2028 511 2084 δὲ
551 2039 660 2084 τῶν
699 2035 942 2099 φιαλῶν,
990 2030 1052 2093 ἃς
1091 2029 1327 2101 ᾐτήσατο
1367 2027 1469 2099 μὲν,
1507 2030 1566 2085 ἐν
1605 2039 1678 2104 τῷ
1719 2053 1839 2102 μαι-

159 2128 490 2188 μακτηριῶνι
544 2116 674 2188 μηνὶ
723 2119 750 2172 6
799 2121 1080 2188 Αἰσχρίων
1135 2119 1163 2172 6
1211 2118 1521 2182 ἀκόλουθος
1568 2120 1596 2173 6
1643 2121 1839 2175 τούτου

160 2204 239 2261 ἐπ’
280 2204 524 2260 Ἀστείου
564 2208 846 2276 ἄρχοντος,
888 2205 1286 2275 ἐπιδημοῦντος
1326 2207 1549 2274 τούτου,
1589 2207 1675 2260 ὅτε
1713 2208 1840 2261 ὑπε-

159 2293 348 2359 δέξατο
383 2292 636 2363 Ἀλκέτην
676 2292 766 2346 καὶ
799 2292 1043 2362 Ἰάσονα,
1092 2293 1471 2363 γεγραμμένου
1521 2292 1581 2348 δὲ
1627 2297 1726 2364 τὴν
1765 2317 1840 2350 τι-

157 2384 267 2451 μὴν
330 2382 649 2451 ὀφείλοντος
711 2382 909 2435 τούτου
973 2379 1055 2435 ἐπ’
1110 2381 1499 2446 Ἀλκισθένους
1559 2384 1840 2453 ἄρχοντος·

158 2470 291 2533 τέως
321 2467 421 2539 μὲν
453 2469 588 2542 ᾠέτο
623 2469 790 2523 αὐτὸν
824 2469 1075 2523 ἀποίσειν
1113 2471 1206 2532 τὰς
1237 2470 1454 2539 φιάλας,
1494 2470 1556 2532 ἃς
1590 2467 1840 2541 ᾐτήσατο,
1862 2484 1969 2523 1203

160 2559 189 2612 6
229 2560 425 2627 πατήρ·
469 2558 653 2627 ἐπειδὴ
696 2556 743 2611 δ’
792 2554 952 2620 οὗτος
992 2555 1093 2626 μὲν
1133 2557 1375 2627 ἀπῆλθε,
1414 2558 1507 2620 τὰς
1547 2555 1605 2610 δὲ
1644 2559 1842 2627 φιάλας

158 2646 261 2700 οὐκ
299 2645 644 2715 ἀπενηνόχει,
685 2642 804 2698 οὐδ’
844 2642 985 2713 ἦσαν
1017 2646 1077 2698 αἱ
1103 2646 1295 2714 φιάλαι
1331 2654 1428 2699 τοῦ
1468 2644 1843 2714 Τιμοσθένους

160 2737 403 2802 κείμεναι
442 2733 585 2801 παρὰ
625 2740 698 2804 τῷ
746 2736 1052 2801 Φορμίωνι,
1091 2734 1241 2801 ἥκων
1282 2731 1334 2785 δ’
1374 2730 1563 2804 ἀπῄτει
1596 2733 1688 2796 τὰς
1717 2736 1842 2803 φιά-

163 2826 258 2883 λας
298 2822 326 2874 ὁ
365 2818 623 2889 θέμενος,
673 2819 918 2873 ἀπέτεισε
958 2821 1119 2889 τιμὴν
1161 2829 1269 2873 τῶν
1307 2825 1521 2890 φιαλῶν
1560 2827 1633 2892 τῷ
1683 2825 1843 2891 Τιμο·

160 2907 372 2976 σθένει,
414 2907 685 2977 ἐγράψατο
726 2905 776 2960 δ’
823 2907 852 2962 6
899 2909 1073 2978 πατὴρ
1123 2908 1266 2979 αὑτῷ
1316 2916 1511 2962 τοῦτον
1549 2908 1843 2977 ὀφείλοντα
