2035 3158
144 117 213 170 38
609 119 768 160 xum,
811 116 1314 175 [Anmomssuomj

143 251 173 306 ὁ
212 249 515 320 νομοθέτης
555 258 666 312 τοῖς
695 250 1089 318 προσήκουσιν,
1128 246 1283 319 ἕτερα
1321 245 1371 302 δ’
1417 247 1485 302 οὐ
1521 245 1814 314 προσέταξε

141 339 318 391 πολλὰ
348 339 494 392 πάνυ
526 337 586 391 ἐν
616 344 690 409 τῷ
725 338 896 409 νόμῳ,
934 335 968 389 ἃ
1007 336 1095 388 δεῖ
1128 344 1308 390 ποιεῖν
1345 337 1474 399 τοὺς
1511 336 1813 403 προσήκον-

142 446 235 488 τας
273 425 588 494 ἐπάναγκες·
636 423 773 477 ἀλλὰ
818 424 965 476 πάνυ
1009 423 1184 476 πολλά
1232 423 1380 477 ἐστιν
1427 422 1460 476 ἃ
1498 421 1815 489 προστάττει

140 523 322 568 ποιεῖν
360 523 472 575 τοῖς
509 515 865 581 προσήκουσι,
904 509 996 563 καὶ
1033 513 1313 580 πρόφασιν
1352 510 1616 578 οὐδεμίαν
1657 509 1818 562 ‹5560›-

142 615 261 667 σιν,
299 597 417 653 ἀλλ’
465 599 516 662 ἐξ
557 598 795 666 ἀνάγκης
834 598 922 651 δεῖ
956 607 1150 651 ποιεῖν.
1213 601 1422 665 μᾶλλον
1463 593 1521 649 δὲ
1564 593 1682 665 λε’γε
1722 595 1818 653 ,αὐ-

144 690 239 741 τὸν
277 690 372 741 τὸν
414 690 586 756 νόμον
625 688 720 740 τὸν
758 695 990 754 πρῶτον.

866 838 1091 881 ΝΟΜΟΣ.

77 934 120 968 5⁴
333 935 442 982 Τῶν
481 931 752 998 ἐπικλήρων
793 930 901 980 ὅσαι
938 929 1147 993 θητικὸν
1184 933 1430 994 τελοῦσιν,
1469 927 1555 980 ἐὰν
1593 928 1660 994 μὴ
1700 929 1817 994 βού-

219 1018 354 1079 ληται
400 1014 523 1079 ἔχειν
571 1010 596 1063 δ
643 1012 875 1079 ἐγγύτατα
912 1009 1110 1076 γένους,
1158 1009 1388 1060 ἐκδιδότω
1429 1008 1628 1070 ἐπιδοὺς
1667 1007 1693 1059 δ
1731 1007 1822 1073 μὲν

215 1092 738 1158 πεντακοσιομέδιμνος
792 1092 1112 1150 πεντακοσίας
1168 1091 1408 1157 δραχμάς,
1462 1088 1487 1141 ὁ
1542 1086 1591 1140 δ’
1647 1089 1823 1149 ἱππεὺς
1842 1100 1951 1140 1088
1991 1107 1995 1110 ·

218 1174 517 1239 τριακοσίας,
556 1171 581 1223 ὁ
623 1170 675 1223 δὲ
715 1173 931 1238 ζευγίτης
978 1170 1148 1221 ἑκατὸν
1187 1171 1510 1236 πεντήκοντα,
1558 1169 1677 1235 πρὸς
1722 1173 1823 1227 τοῖς

216 1253 382 1320 αὐτῆς.
444 1254 530 1304 ἐὰν
571 1253 620 1302 δὲ
660 1254 857 1311 πλείους
895 1246 1014 1302 ὦσιν
1062 1251 1114 1302 ἐν
1152 1254 1218 1321 τῷ
1256 1250 1388 1319 αὐτῷ
1426 1249 1578 1317 γένει,
1624 1257 1679 1318 τῇ
1720 1248 1821 1299 ἐπι»

218 1335 377 1404 κλήρῳ
407 1334 529 1399 πρὸς
561 1332 703 1400 μέρος
735 1331 1008 1383 ἐπιδιδόναι
1038 1329 1254 1382 ἕκαστον.
1316 1330 1403 1381 ἐὰν
1434 1327 1480 1381 δ’
1516 1331 1574 1381 αἱ
1597 1335 1824 1398 γυναῖκες

217 1416 412 1475 πλείους
451 1409 564 1474 ὦσι,
604 1413 669 1479 μὴ
711 1411 979 1480 ἐπάναγκες
1018 1407 1142 1463 εἶναι
1181 1411 1328 1462 πλέον
1367 1409 1400 1477 ἢ
1437 1413 1554 1476 μιάν
1594 1411 1825 1462 ἐκδοῦναι

219 1500 283 1567 τῷ
313 1491 484 1564 γ’,ἕνῂ
525 1494 643 1545 ἀλλὰ
674 1492 758 1545 τὸν
791 1493 1021 1561 ἐγγύτατα
1053 1492 1128 1543 ἀεὶ
1159 1493 1408 1543 ἐκδιδόναι
1437 1490 1470 1557 ’ἢ
1502 1491 1653 1543 αὐτὸν
1685 1492 1823 1558 ἔχειν.

219 1575 305 1627 ἐὰν
344 1575 395 1626 δὲ
435 1576 500 1641 μὴ
542 1576 624 1646 ἔχῃ
664 1572 690 1625 δ
730 1573 971 1641 ἐγγυτάτω
1011 1571 1183 1641 γένους
1222 1571 1253 1638 ἦ
1293 1572 1359 1638 μὴ
1401 1571 1547 1643 ἐκδῷ,
1596 1570 1622 1623 ὅ
1660 1571 1824 1638 ἅρχων

217 1655 581 1725 ἐπαναγκαζέτω
635 1653 667 1721 ἢ
721 1654 871 1706 αὐτὸν
925 1654 1048 1720 ἔχειν
1102 1652 1133 1720 ἢ
1187 1653 1432 1715 ἐκδοῦναι.
1511 1651 1597 1702 ἐὰν
1652 1646 1705 1702 δὲ
1757 1652 1823 1718 μὴ

220 1738 531 1807 ἐπαναγκάσῃ
578 1735 604 1787 ὁ
643 1734 831 1801 ἄρχων,
880 1732 1109 1799 ὀφειλέτω
1157 1735 1307 1800 χιλίας
1348 1732 1561 1799 δραχμὰς
1600 1732 1731 1798 ἱερὰς
1769 1739 1826 1801 τῇ

203 1817 350 1889 ἽΙρᾳ.
412 1815 733 1885 ἀπογραφέτω
782 1815 833 1867 δὲ
880 1815 964 1867 τὸν
1010 1812 1075 1878 μὴ
1116 1822 1357 1866 ποιοῦντα
1394 1821 1544 1864 ταῦτα
1583 1811 1608 1863 ὁ
1650 1814 1802 1879 βουλό

220 1919 365 1965 μενος
404 1898 525 1965 πρὸς
562 1897 644 1948 τὸν
684 1895 907 1962 ἄρχοντα.

247 1997 309 2053 “A
348 1996 448 2069 μὲν
488 1996 630 2066 λέγει
678 1996 707 2052 ὁ
753 1999 922 2066 νόμος
960 1993 1004 2050 ὦ
1043 1995 1242 2065 ἄνδρες
1289 1992 1536 2048 δικασταὶ
1587 1992 1825 2047 ἀκούετε.

148 2088 235 2142 ὅτε
284 2085 343 2140 δὲ
390 2093 484 2155 τῆς
529 2084 825 2154 ἐπικλήρου
877 2085 987 2137 ἔδει
1039 2082 1447 2147 ἐπιδικάζεσθαι
1499 2081 1828 2151 Φυλομάχης

148 2184 241 2246 τῆς
289 2172 511 2229 τουτουὶ
565 2174 765 2243 μητρὸς
813 2181 911 2226 τοῦ
957 2173 1178 2240 παιδός,
1221 2167 1446 2238 εΑγνιόυ
1499 2167 1549 2223 δ’
1597 2169 1828 2233 ἀνεψιοῦ

147 2264 341 2326 παιδὸς
380 2263 547 2331 οὔσης
584 2262 719 2330 πρὸς
755 2262 987 2328 πατρός,
1027 2259 1132 2328 ἐγὼ
1173 2254 1273 2327 μὲν
1311 2253 1447 2327 ἧκον
1486 2258 1831 2327 φοβούμενος

150 2353 245 2406 τὸν
283 2353 457 2420 νόμον
495 2347 584 2404 καὶ
626 2348 1019 2417 ἐπεδικαζόμην
1059 2345 1204 2416 γένει
1245 2346 1322 2399 ὢν
1363 2345 1657 2415 ἐγγυτάτω,
1698 2348 1827 2399 Θεό-

149 2457 361 2509 πομπος
416 2436 464 2492 δ’
520 2438 549 2493 ὁ
596 2437 965 2506 Μακαρτάτου
1019 2436 1193 2504 πατὴρ
1250 2431 1381 2488 οὐδὲ
1433 2437 1715 2502 προσῆλθε
1768 2434 1829 2487 τὸ

150 2527 405 2596 παράπαν
446 2523 564 2580 οὐδ’
611 2526 1014 2595 ἠμφεσβήτησε,
1055 2523 1144 2576 διὰ
1184 2523 1245 2576 τὸ
1285 2519 1414 2592 μηδ’
1456 2522 1643 2575 ὁτιοῦν
1681 2520 1828 2592 αὐτῷ

88 2633 129 2664 56
152 2617 466 2685 προσήκειν,
505 2612 594 2667 καὶ
627 2610 774 2666 ταῦτ’
814 2611 874 2666 ἐν
906 2619 970 2683 τῇ
1008 2611 1192 2682 ἡλικία
1231 2609 1310 2663 ὢν
1349 2616 1412 2679 τῇ
1451 2609 1601 2678 αὐτῇ.
1654 2610 1830 2662 καίτοι

150 2713 264 2766 πῶς
303 2707 487 2757 οἴεσθε
527 2698 569 2775 ὦ
610 2702 807 2770 ἄνδρες
856 2697 1104 2754 δικασταὶ
1143 2700 1349 2752 ἄτοπον
1389 2693 1552 2766 εἶναι,
1600 2704 1692 2766 τῆς
1730 2693 1831 2766 μὲν

154 2791 467 2860 ἐπικλήρου,
498 2789 531 2858 ἣ
564 2785 633 2859 ἧν
657 2786 848 2860 Ἁγνίᾳ
880 2787 1112 2851 ἀνεψιοῦ
1142 2796 1266 2850 παῖς
1296 2787 1432 2856 πρὸς
1455 2787 1674 2855 πατρός,
1704 2775 1830 2837 «ι”αύυ

152 2899 245 2948 της
298 2875 397 2947 μὲν
451 2872 800 2946 μηδεπώποτ’
867 2875 1267 2944 ἀμφισβητῆσαι
1324 2874 1681 2942 Θεόπομπον,
1733 2873 1831 2926 τὸν
