2035 3158
321 204 479 246 RATA
510 203 720 246 ETEPP.
751 203 857 244 ΚΑΙ
886 204 1134 247 ΜΝΗΣΙΒ.
1166 204 1352 246 ΨΕΤΔ.
1577 203 1676 253 111

0 344 106 405 μοῦ
145 336 529 406 ἠντεδίκησεν,
576 332 707 389 οὐδὲ
753 333 1103 405 ἀπεγράψατο
1152 337 1501 390 διαδικασίαν
1547 338 1686 405 πρὸς

0 423 220 494 οὐδένα,
260 417 321 480 εἴ
347 424 470 478 τινά
507 438 678 495 φησιν
725 423 913 494 ἕτερον
960 427 1105 494 ἔχειν
1150 425 1216 478 τὰ
1264 425 1429 493 σκεύη
1479 422 1568 476 καὶ
1608 424 1683 492 μὴ

0 514 293 582 προσήκειν
346 512 492 585 αὐτῷ
547 511 880 581 ἀποδοῦναι,
944 511 1061 565 ἀλλ’
1123 518 1269 566 εἴασε
1324 510 1450 566 καθ’
1512 511 1686 564 αὑτοῦ

0 608 185 671 ψῆφον
235 600 563 671 ἐπαχθῆναι·
623 600 809 672 ἐπειδὴ
862 597 923 653 δὲ
973 599 1223 670 ἀπῆλθεν
1273 600 1332 655 ἐκ
1381 608 1480 654 τοῦ
1532 602 1683 652 δικα-

0 692 244 760 στηρίου,
293 685 460 742 οὐδὲν
510 692 721 757 μᾶλλον
772 687 1068 756 ἀπεδίδου,
1120 686 1237 741 ἀλλ’
1285 686 1420 760 ᾠέτο
1471 686 1532 741 ἐν
1582 684 1687 756 μὲν

0 785 70 849 τῷ
121 780 352 847 παρόντι
389 776 554 839 αὐτὸς
601 775 849 830 ἐκποδὼν
896 779 1190 845 γενόμενος
1240 776 1473 846 ἡσυχίαν
1523 774 1685 844 ἕξειν,

0 866 98 929 ἕως
135 865 204 920 ἂν
245 864 349 934 ἐγώ
389 883 445 918 τε
486 863 767 918 ἐκπλεύσω
800 863 891 918 καὶ
923 866 984 918 αἱ
1010 873 1138 933 νῆες
1169 863 1258 917 καὶ
1298 867 1494 935 χρόνος
1535 862 1682 933 ἐγγέ-

0 973 176 1024 νηται,
213 951 305 1006 καὶ
345 949 455 1022 ἐμὲ,
494 952 527 1006 ἃ
561 949 721 1016 οὗτος
754 955 951 1022 ὤφειλε
993 954 1160 1021 σκεύη
1199 960 1263 1023 τῇ
1302 956 1477 1019 πόλει,
1516 952 1681 1020 ἀναγ·

0 1043 380 1111 κασθήσεσθαι
421 1040 729 1094 ἀποδοῦναι
768 1042 972 1110 ἥκοντα
1013 1027 1216 1094 ἐνθάδε
1249 1041 1282 1110 ἢ
1314 1049 1387 1113 τῷ
1422 1042 1683 1113 διαδόχῳ,

0 1131 59 1194 ὃς
95 1129 165 1184 ἂν
212 1132 348 1200 ἔλθῃ
397 1128 457 1183 ἐκ
503 1137 598 1198 τῆς
645 1133 950 1199 συμμορίας
997 1127 1083 1182 ἐπὶ
1130 1130 1231 1197 τὴν
1270 1138 1427 1182 ναῦν.
1489 1132 1546 1182 τί
1578 1130 1682 1197 γὰρ

0 1217 68 1272 ἂν
104 1215 197 1272 καὶ
236 1217 530 1286 ἀντέλεγον
578 1216 725 1289 αὐτῷ
773 1220 1096 1287 ψηφίσματα
1141 1215 1231 1270 καὶ
1277 1220 1484 1286 νόμους
1521 1235 1682 1285 παρε-

0 1304 232 1380 χομένφ,
277 1306 350 1369 ὡς
395 1312 672 1375 προσῆκεν
720 1302 812 1374 ἐμὲ
859 1305 1144 1376 εἰσπρᾶξαι
1189 1305 1254 1358 τὰ
1302 1306 1491 1374 σκεύη;
1541 1306 1569 1359 6
1623 1302 1815 1362 δὲ1148

1 1397 291 1465 Θεόφημος
334 1396 540 1465 χρόνου
589 1392 1047 1463 ἐγγεγενημένου,
1102 1394 1263 1447 ὁπότε
1318 1394 1487 1447 αὐτὸν
1536 1394 1683 1462 ἥκων

0 1483 318 1551 ἀπαιτοίην,
364 1483 553 1550 ἔμελλε
599 1483 799 1550 φήσειν
847 1479 1283 1550 ἀποδεδωκέναι,
1336 1481 1425 1534 καὶ
1471 1483 1684 1546 τούτοις

0 1572 307 1641 τεκμηρίοις
359 1571 801 1640 καταχρήσεσθαι
856 1570 929 1632 ὡς
983 1567 1325 1638 ἀποδέδωκε,
1379 1577 1452 1641 τῷ
1494 1579 1685 1642 καιρῷ,

0 1667 64 1730 τῇ
104 1661 277 1730 χρείᾳ,
317 1657 391 1720 ὡς
430 1657 529 1711 οὐκ
569 1658 789 1726 ἠλίθιος
827 1654 897 1727 ἦν
938 1656 1054 1712 οὐδ’
1104 1653 1174 1711 αὖ
1213 1661 1373 1728 φίλος
1413 1659 1556 1731 αὐτῷ
1598 1679 1684 1727 γε-

0 1750 232 1816 νόμενος
272 1745 649 1814 οὐδεπώποτε,
696 1743 822 1799 ὥστ’
871 1745 1133 1816 ἐπισχεῖν·
1175 1747 1311 1800 ὥστε
1358 1750 1415 1800 τί
1449 1749 1518 1800 ἄν
1556 1766 1683 1801 ποτε

1 1838 339 1905 βουλόμενος
378 1833 502 1903 ἐγώ,
542 1843 887 1905 τριηραρχῶν
919 1831 1019 1903 μὲν
1050 1842 1114 1904 τῇ
1153 1837 1328 1904 πόλει,
1368 1834 1691 1905 ἐπιμελητὴς

3 1922 63 1978 δὲ
112 1924 191 1977 ὢν
239 1930 334 1992 τῆς
382 1926 715 1992 συμμορίας,
759 1922 1126 1992 ψηφισμάτων
1179 1919 1238 1976 δὲ
1290 1923 1685 1982 τοιούτωνκαὶ

1 2015 177 2082 νόμου
228 2013 413 2080 ὄντος,
460 2009 585 2079 περὶ
634 2012 737 2080 τὴν
787 2010 1069 2081 εἴσπραξιν
1109 2009 1338 2081 ἐπέσχον
1379 2011 1447 2064 ἂν
1485 2014 1684 2087 τούτῳ;

2 2102 204 2170 ταύτην
242 2096 343 2169 τὴν
384 2098 638 2152 διάνοιαν
679 2102 818 2169 ἔχων
859 2099 888 2153 ὁ
931 2102 1247 2169 Θεόφημος,
1287 2103 1406 2153 τότε
1446 2097 1547 2170 μὲν
1586 2103 1690 2155 οὐκ

3 2188 268 2242 ἀπεδίδου
321 2188 387 2241 τὰ
442 2188 635 2256 σκεύη,
697 2185 817 2240 ἀλλ’
879 2186 1128 2241 ἐκποδὼν
1182 2184 1279 2257 ἦν,
1339 2189 1572 2259 ὕστερον
1628 2188 1688 2244 δὲ

3 2276 138 2349 ᾤετό
171 2295 235 2345 με
269 2274 681 2344 ἀποστερήσειν,
719 2278 854 2346 πρὸς
887 2273 948 2329 δὲ
979 2277 1193 2339 τούτοις
1224 2279 1300 2339 εἰς
1331 2277 1497 2347 ὅρκον
1528 2299 1688 2332 κατα-

3 2365 199 2434 φυγὼν
231 2363 435 2435 ῥᾳδίως
467 2362 831 2433 ἐπιορκήσειν,
871 2364 1002 2434 ὅπερ
1043 2363 1132 2417 καὶ
1165 2366 1351 2429 ἄλλοις
1379 2369 1688 2436 πεποίηκεν.

6 2453 160 2522 δεινὴ
200 2452 304 2522 γὰρ
342 2451 376 2520 ἡ
416 2450 703 2515 πλεονεξία
748 2460 848 2506 τοῦ
894 2454 1100 2521 τρόπου
1148 2451 1273 2523 περὶ
1319 2454 1384 2506 τά
1432 2455 1691 2525 διάφορα,

8 2540 80 2604 ὡς
110 2539 216 2609 ἐγὼ
250 2541 391 2613 ἔργῳ
423 2539 555 2609 ὑμῖν
590 2539 854 2603 ἐπιδείξω.
912 2548 1080 2593 ταῦτα
1112 2542 1215 2609 γὰρ
1248 2542 1312 2594 τὰ
1345 2543 1507 2611 σκεύη
1542 2543 1689 2612 ὀφεί-

7 2632 120 2682 λων
159 2628 189 2682 6
230 2630 520 2697 Θεόφημος
556 2635 620 2698 τῇ
659 2631 835 2696 πόλει,
873 2630 951 2691 εἰς
983 2625 1218 2699 Ἀφαρέα
1256 2627 1485 2699 ἀνέφερε
1526 2633 1692 2705 λόγῳ,

9 2718 149 2789 ἔργῳ
190 2712 252 2770 δὲ
291 2716 414 2770 οὐκ
433 2715 784 2785 ἀπεγράψατο
828 2718 966 2786 πρὸς
1007 2717 1174 2770 αὐτὸν
1216 2718 1589 2787 διαδικασίαν,
1627 2716 1691 2773 εὖ

9 2805 169 2866 εἰδὼς
215 2803 299 2858 ὅτι
334 2803 734 2874 Υ.<ἔλεγχθηό”εται
782 2805 1148 2873 ψευδόμενος,
1204 2804 1300 2858 ἐὰν
1346 2805 1568 2878 εἰσέλθῃ
1615 2811 1693 2871 εἰς

12 2892 377 2962 δικαστήριον.
447 2893 476 2946 6
524 2893 627 2962 γὰρ
669 2889 936 2962 Ἀφαρεὺς
982 2891 1266 2963 ἐξήλεγχεν
1312 2893 1480 2948 αὐτὸν
1529 2898 1692 2965 τιμὴν

11 2978 374 3048 λογισάμενον
401 2979 544 3052 αὐτῷ
571 2989 680 3033 τῶν
707 2990 919 3033 σκευῶν
951 2979 1041 3033 καὶ
1074 2984 1313 3050 λαβόντα
1344 2981 1469 3051 παρ’
1502 2983 1692 3052 αὑτοῦ,
