<?xml version="1.0" encoding="UTF-8"?>
<!DOCTYPE html PUBLIC "-//W3C//DTD XHTML 1.0 Transitional//EN"
    "http://www.w3.org/TR/xhtml1/DTD/xhtml1-transitional.dtd">
<html xmlns="http://www.w3.org/1999/xhtml" xml:lang="en" lang="en">
 <head>
  <title>
</title>
<meta http-equiv="Content-Type" content="text/html;charset=utf-8" />
  <meta name='ocr-system' content='tesseract 3.04.00' />
  <meta name='ocr-capabilities' content='ocr_page ocr_carea ocr_par ocr_line ocrx_word'/>
</head>
<body>
  <div class='ocr_page' id='page_1' title='image "./p1orationesexrecen03demouoft_0127.png"; bbox 0 0 2035 3158; ppageno 0'>
   <div class='ocr_carea' id='block_1_1' title="bbox 38 1726 84 1762">
    <p class='ocr_par' dir='ltr' id='par_1_1' title="bbox 38 1726 84 1762">
     <span class='ocr_line' id='line_1_1' title="bbox 38 1726 84 1762; baseline 0 0"><span class='ocrx_word' id='word_1_1' title='bbox 38 1726 84 1762; x_wconf 80' lang='lat'><em>65&#39;</em></span> 
     </span>
    </p>
   </div>
   <div class='ocr_carea' id='block_1_2' title="bbox 36 2614 78 2645">
    <p class='ocr_par' dir='ltr' id='par_1_2' title="bbox 36 2614 78 2645">
     <span class='ocr_line' id='line_1_2' title="bbox 36 2614 78 2645; baseline 0.024 -1"><span class='ocrx_word' id='word_1_2' title='bbox 36 2614 78 2645; x_wconf 74' lang='lat'><em>66</em></span> 
     </span>
    </p>
   </div>
   <div class='ocr_carea' id='block_1_3' title="bbox 414 170 1784 222">
    <p class='ocr_par' dir='ltr' id='par_1_3' title="bbox 414 170 1784 222">
     <span class='ocr_line' id='line_1_3' title="bbox 414 170 1784 222; baseline 0.004 -12"><span class='ocrx_word' id='word_1_3' title='bbox 414 170 574 211; x_wconf 84' lang='grc' dir='ltr'><strong>ΚΑΤΑ</strong></span> <span class='ocrx_word' id='word_1_4' title='bbox 606 170 815 212; x_wconf 84' lang='grc' dir='ltr'><strong>ΕΤΕΡΓ.</strong></span> <span class='ocrx_word' id='word_1_5' title='bbox 846 171 950 211; x_wconf 86' lang='grc' dir='ltr'><em>ΚΑΙ</em></span> <span class='ocrx_word' id='word_1_6' title='bbox 979 171 1229 214; x_wconf 79' lang='grc' dir='ltr'><strong>ΜΝΗΣΙΒ.</strong></span> <span class='ocrx_word' id='word_1_7' title='bbox 1262 172 1445 212; x_wconf 81' lang='grc' dir='ltr'>ΨΕΤΔ.</span> <span class='ocrx_word' id='word_1_8' title='bbox 1686 172 1784 222; x_wconf 76' lang='grc'><em>121</em></span> 
     </span>
    </p>
   </div>
   <div class='ocr_carea' id='block_1_4' title="bbox 90 298 1791 374">
    <p class='ocr_par' dir='ltr' id='par_1_4' title="bbox 90 298 1791 374">
     <span class='ocr_line' id='line_1_4' title="bbox 90 298 1791 374; baseline 0.001 -19"><span class='ocrx_word' id='word_1_9' title='bbox 90 305 399 373; x_wconf 23' lang='grc' dir='ltr'><em>,προτεραίᾳ</em></span> <span class='ocrx_word' id='word_1_10' title='bbox 439 301 498 354; x_wconf 92' lang='grc' dir='ltr'><em>ἐν</em></span> <span class='ocrx_word' id='word_1_11' title='bbox 536 308 611 374; x_wconf 77' lang='grc' dir='ltr'><em>τῷ</em></span> <span class='ocrx_word' id='word_1_12' title='bbox 651 302 842 374; x_wconf 79' lang='grc' dir='ltr'><em>πύργῳ</em></span> <span class='ocrx_word' id='word_1_13' title='bbox 888 298 958 370; x_wconf 81' lang='grc' dir='ltr'><em>ἦν</em></span> <span class='ocrx_word' id='word_1_14' title='bbox 997 300 1088 355; x_wconf 88' lang='grc' dir='ltr'><em>καὶ</em></span> <span class='ocrx_word' id='word_1_15' title='bbox 1128 302 1228 356; x_wconf 87' lang='grc' dir='ltr'><em>οὐκ</em></span> <span class='ocrx_word' id='word_1_16' title='bbox 1269 305 1457 374; x_wconf 78' lang='grc' dir='ltr'><em>ἔτυχεν</em></span> <span class='ocrx_word' id='word_1_17' title='bbox 1499 303 1598 368; x_wconf 84' lang='grc' dir='ltr'><em>ἔξω</em></span> <span class='ocrx_word' id='word_1_18' title='bbox 1639 305 1791 372; x_wconf 81' lang='grc' dir='ltr'><em>ὄντα,</em></span> 
     </span>
    </p>
   </div>
   <div class='ocr_carea' id='block_1_5' title="bbox 102 387 1794 1694">
    <p class='ocr_par' dir='ltr' id='par_1_5' title="bbox 102 387 1794 1694">
     <span class='ocr_line' id='line_1_5' title="bbox 108 387 1788 462; baseline 0.001 -19"><span class='ocrx_word' id='word_1_19' title='bbox 108 389 293 459; x_wconf 86' lang='grc' dir='ltr'><em>ἐπειδὴ</em></span> <span class='ocrx_word' id='word_1_20' title='bbox 335 388 383 443; x_wconf 92' lang='grc' dir='ltr'><em>δ’</em></span> <span class='ocrx_word' id='word_1_21' title='bbox 431 390 536 458; x_wconf 84' lang='grc' dir='ltr'><em>ἐγὼ</em></span> <span class='ocrx_word' id='word_1_22' title='bbox 576 387 782 459; x_wconf 78' lang='grc' dir='ltr'><em>ἦλθον,</em></span> <span class='ocrx_word' id='word_1_23' title='bbox 832 390 922 443; x_wconf 76' lang='grc' dir='ltr'><em>διὰ</em></span> <span class='ocrx_word' id='word_1_24' title='bbox 961 392 1062 459; x_wconf 84' lang='grc' dir='ltr'><em>τὴν</em></span> <span class='ocrx_word' id='word_1_25' title='bbox 1101 394 1290 460; x_wconf 79' lang='grc' dir='ltr'><em>χρείαν</em></span> <span class='ocrx_word' id='word_1_26' title='bbox 1330 391 1666 462; x_wconf 72' lang='grc' dir='ltr'><em>κατηνέχθη,</em></span> <span class='ocrx_word' id='word_1_27' title='bbox 1707 393 1788 445; x_wconf 87' lang='grc' dir='ltr'><em>ἐκ-</em></span> 
     </span>
     <span class='ocr_line' id='line_1_6' title="bbox 105 477 1791 551; baseline 0.002 -21"><span class='ocrx_word' id='word_1_28' title='bbox 105 479 291 546; x_wconf 85' lang='grc' dir='ltr'><em>βαλὼν</em></span> <span class='ocrx_word' id='word_1_29' title='bbox 340 480 440 547; x_wconf 90' lang='grc' dir='ltr'><em>τὴν</em></span> <span class='ocrx_word' id='word_1_30' title='bbox 490 479 674 546; x_wconf 87' lang='grc' dir='ltr'><em>θύραν</em></span> <span class='ocrx_word' id='word_1_31' title='bbox 723 478 896 546; x_wconf 77' lang='grc' dir='ltr'><em>ἤνπερ</em></span> <span class='ocrx_word' id='word_1_32' title='bbox 948 477 1038 531; x_wconf 85' lang='grc' dir='ltr'><em>καὶ</em></span> <span class='ocrx_word' id='word_1_33' title='bbox 1081 487 1144 548; x_wconf 78' lang='grc' dir='ltr'><em>τῇ</em></span> <span class='ocrx_word' id='word_1_34' title='bbox 1195 484 1491 551; x_wconf 78' lang='grc' dir='ltr'><em>προτεραίᾳ</em></span> <span class='ocrx_word' id='word_1_35' title='bbox 1533 481 1791 549; x_wconf 80' lang='grc' dir='ltr'><em>ἐξέβαλον</em></span> 
     </span>
     <span class='ocr_line' id='line_1_7' title="bbox 106 564 1790 641; baseline 0.002 -23"><span class='ocrx_word' id='word_1_36' title='bbox 106 575 281 629; x_wconf 85' lang='grc' dir='ltr'><em>κακῶς</em></span> <span class='ocrx_word' id='word_1_37' title='bbox 335 566 719 634; x_wconf 82' lang='grc' dir='ltr'><em>ἐνεστηκυῖαν,</em></span> <span class='ocrx_word' id='word_1_38' title='bbox 768 564 943 636; x_wconf 76' lang='grc' dir='ltr'><em>ὠχετό</em></span> <span class='ocrx_word' id='word_1_39' title='bbox 995 587 1102 634; x_wconf 90' lang='grc' dir='ltr'><em>μου</em></span> <span class='ocrx_word' id='word_1_40' title='bbox 1154 568 1339 635; x_wconf 85' lang='grc' dir='ltr'><em>λαβὼν</em></span> <span class='ocrx_word' id='word_1_41' title='bbox 1389 568 1455 620; x_wconf 82' lang='grc' dir='ltr'><em>τὰ</em></span> <span class='ocrx_word' id='word_1_42' title='bbox 1504 570 1699 636; x_wconf 88' lang='grc' dir='ltr'><em>σκεύη·</em></span> <span class='ocrx_word' id='word_1_43' title='bbox 1748 564 1790 641; x_wconf 73' lang='grc' dir='ltr'><em>ᾧ</em></span> 
     </span>
     <span class='ocr_line' id='line_1_8' title="bbox 106 652 1794 726; baseline 0.002 -19"><span class='ocrx_word' id='word_1_44' title='bbox 106 655 230 708; x_wconf 78' lang='grc' dir='ltr'><em>οὔτε</em></span> <span class='ocrx_word' id='word_1_45' title='bbox 279 656 440 723; x_wconf 86' lang='grc' dir='ltr'><em>δίκην</em></span> <span class='ocrx_word' id='word_1_46' title='bbox 488 655 796 723; x_wconf 78' lang='grc' dir='ltr'><em>ὠφλήκειν,</em></span> <span class='ocrx_word' id='word_1_47' title='bbox 848 655 971 706; x_wconf 81' lang='grc' dir='ltr'><em>οὔτε</em></span> <span class='ocrx_word' id='word_1_48' title='bbox 1020 658 1360 723; x_wconf 87' lang='grc' dir='ltr'><em>συμβόλαιον</em></span> <span class='ocrx_word' id='word_1_49' title='bbox 1408 652 1477 723; x_wconf 79' lang='grc' dir='ltr'><em>ἦν</em></span> <span class='ocrx_word' id='word_1_50' title='bbox 1527 676 1619 724; x_wconf 91' lang='grc' dir='ltr'><em>μοι</em></span> <span class='ocrx_word' id='word_1_51' title='bbox 1659 659 1794 726; x_wconf 83' lang='grc' dir='ltr'><em>πρὸς</em></span> 
     </span>
     <span class='ocr_line' id='line_1_9' title="bbox 106 738 1792 816; baseline 0 -20"><span class='ocrx_word' id='word_1_52' title='bbox 106 742 276 796; x_wconf 85' lang='grc' dir='ltr'><em>αὐτὸν</em></span> <span class='ocrx_word' id='word_1_53' title='bbox 300 741 480 795; x_wconf 88' lang='grc' dir='ltr'><em>οὐδέν.</em></span> <span class='ocrx_word' id='word_1_54' title='bbox 543 742 850 804; x_wconf 77' lang='grc' dir='ltr'><em>ἐκτίνοντος</em></span> <span class='ocrx_word' id='word_1_55' title='bbox 883 742 947 795; x_wconf 88' lang='grc' dir='ltr'><em>δέ</em></span> <span class='ocrx_word' id='word_1_56' title='bbox 968 763 1075 811; x_wconf 89' lang='grc' dir='ltr'><em>μου</em></span> <span class='ocrx_word' id='word_1_57' title='bbox 1107 751 1179 814; x_wconf 73' lang='grc' dir='ltr'><em>τῷ</em></span> <span class='ocrx_word' id='word_1_58' title='bbox 1210 745 1500 816; x_wconf 77' lang='grc' dir='ltr'><em>Θεοφήμῳ,</em></span> <span class='ocrx_word' id='word_1_59' title='bbox 1533 738 1574 816; x_wconf 74' lang='grc' dir='ltr'><em>ᾧ</em></span> <span class='ocrx_word' id='word_1_60' title='bbox 1611 744 1728 814; x_wconf 82' lang='grc' dir='ltr'><em>ὠφλ</em></span> <span class='ocrx_word' id='word_1_61' title='bbox 1735 747 1792 813; x_wconf 62' lang='grc' dir='ltr'><em>ή«</em></span> 
     </span>
     <span class='ocr_line' id='line_1_10' title="bbox 105 829 1792 903; baseline 0.001 -20"><span class='ocrx_word' id='word_1_62' title='bbox 105 851 222 883; x_wconf 92' lang='grc' dir='ltr'><em>κειν</em></span> <span class='ocrx_word' id='word_1_63' title='bbox 246 831 345 899; x_wconf 84' lang='grc' dir='ltr'><em>τὴν</em></span> <span class='ocrx_word' id='word_1_64' title='bbox 371 832 550 899; x_wconf 89' lang='grc' dir='ltr'><em>δίκην,</em></span> <span class='ocrx_word' id='word_1_65' title='bbox 590 829 775 899; x_wconf 87' lang='grc' dir='ltr'><em>ἐπειδὴ</em></span> <span class='ocrx_word' id='word_1_66' title='bbox 811 830 1050 894; x_wconf 78' lang='grc' dir='ltr'><em>ἐξέτινον</em></span> <span class='ocrx_word' id='word_1_67' title='bbox 1082 835 1302 884; x_wconf 85' lang='grc' dir='ltr'><em>πολλῶν</em></span> <span class='ocrx_word' id='word_1_68' title='bbox 1335 834 1626 899; x_wconf 84' lang='grc' dir='ltr'><em>παρόντων</em></span> <span class='ocrx_word' id='word_1_69' title='bbox 1658 853 1792 903; x_wconf 54' lang='grc' dir='ltr'><em>μαρι</em></span> 
     </span>
     <span class='ocr_line' id='line_1_11' title="bbox 104 914 1793 989; baseline 0.002 -19"><span class='ocrx_word' id='word_1_70' title='bbox 104 919 286 988; x_wconf 85' lang='grc' dir='ltr'><em>τύρων</em></span> <span class='ocrx_word' id='word_1_71' title='bbox 318 921 494 989; x_wconf 85' lang='grc' dir='ltr'><em>χιλίας</em></span> <span class='ocrx_word' id='word_1_72' title='bbox 526 914 626 987; x_wconf 75' lang='grc' dir='ltr'><em>μὲν</em></span> <span class='ocrx_word' id='word_1_73' title='bbox 659 917 748 971; x_wconf 84' lang='grc' dir='ltr'><em>καὶ</em></span> <span class='ocrx_word' id='word_1_74' title='bbox 789 916 982 971; x_wconf 79' lang='grc' dir='ltr'><em>ἑκατὸν</em></span> <span class='ocrx_word' id='word_1_75' title='bbox 1024 920 1267 988; x_wconf 74' lang='grc' dir='ltr'><em>δραχμὰς</em></span> <span class='ocrx_word' id='word_1_76' title='bbox 1308 921 1444 988; x_wconf 90' lang='grc' dir='ltr'><em>&lt;τὴν</em></span> <span class='ocrx_word' id='word_1_77' title='bbox 1475 922 1793 989; x_wconf 76' lang='grc' dir='ltr'><em>καταδίκην,</em></span> 
     </span>
     <span class='ocr_line' id='line_1_12' title="bbox 105 1004 1784 1078; baseline 0.002 -19"><span class='ocrx_word' id='word_1_78' title='bbox 105 1007 445 1075; x_wconf 89' lang='grc' dir='ltr'><em>ὀγδοήκοντα</em></span> <span class='ocrx_word' id='word_1_79' title='bbox 486 1004 545 1059; x_wconf 73' lang='grc' dir='ltr'><em>δὲ</em></span> <span class='ocrx_word' id='word_1_80' title='bbox 586 1006 675 1059; x_wconf 85' lang='grc' dir='ltr'><em>καὶ</em></span> <span class='ocrx_word' id='word_1_81' title='bbox 708 1005 904 1060; x_wconf 83' lang='grc' dir='ltr'><em>ἑκατὸν</em></span> <span class='ocrx_word' id='word_1_82' title='bbox 939 1008 1226 1076; x_wconf 55' lang='grc' dir='ltr'><em>δραχμὰς)</em></span> <span class='ocrx_word' id='word_1_83' title='bbox 1255 1007 1345 1060; x_wconf 86' lang='grc' dir='ltr'><em>καὶ</em></span> <span class='ocrx_word' id='word_1_84' title='bbox 1386 1019 1528 1078; x_wconf 88' lang='grc' dir='ltr'><em>τρεῖς</em></span> <span class='ocrx_word' id='word_1_85' title='bbox 1566 1008 1656 1061; x_wconf 84' lang='grc' dir='ltr'><em>καὶ</em></span> <span class='ocrx_word' id='word_1_86' title='bbox 1698 1008 1784 1062; x_wconf 81' lang='grc' dir='ltr'><em>δύ’</em></span> 
     </span>
     <span class='ocr_line' id='line_1_13' title="bbox 105 1092 1791 1168; baseline 0.002 -21"><span class='ocrx_word' id='word_1_87' title='bbox 105 1095 283 1162; x_wconf 83' lang='grc' dir='ltr'><em>ὀβολὼ</em></span> <span class='ocrx_word' id='word_1_88' title='bbox 316 1096 417 1162; x_wconf 87' lang='grc' dir='ltr'><em>τὴν</em></span> <span class='ocrx_word' id='word_1_89' title='bbox 454 1094 778 1163; x_wconf 79' lang='grc' dir='ltr'><em>ἐπωβελίαν,</em></span> <span class='ocrx_word' id='word_1_90' title='bbox 809 1095 1104 1163; x_wconf 86' lang='grc' dir='ltr'><em>τριάκοντα</em></span> <span class='ocrx_word' id='word_1_91' title='bbox 1138 1092 1197 1147; x_wconf 79' lang='grc' dir='ltr'><em>δὲ</em></span> <span class='ocrx_word' id='word_1_92' title='bbox 1229 1096 1293 1147; x_wconf 84' lang='grc' dir='ltr'><em>τά</em></span> <span class='ocrx_word' id='word_1_93' title='bbox 1325 1107 1625 1164; x_wconf 86' lang='grc' dir='ltr'><em>πρυτανεῖα</em></span> <span class='ocrx_word' id='word_1_94' title='bbox 1658 1095 1791 1168; x_wconf 76' lang='grc' dir='ltr'><em>(τῶν</em></span> 
     </span>
     <span class='ocr_line' id='line_1_14' title="bbox 104 1179 1792 1254; baseline 0.002 -20"><span class='ocrx_word' id='word_1_95' title='bbox 104 1183 206 1251; x_wconf 83' lang='grc' dir='ltr'><em>γὰρ</em></span> <span class='ocrx_word' id='word_1_96' title='bbox 248 1184 431 1236; x_wconf 77' lang='grc' dir='ltr'><em>ἄλλων</em></span> <span class='ocrx_word' id='word_1_97' title='bbox 471 1180 638 1236; x_wconf 73' lang='grc' dir='ltr'><em>οὐδὲν</em></span> <span class='ocrx_word' id='word_1_98' title='bbox 678 1183 822 1254; x_wconf 77' lang='grc' dir='ltr'><em>αὐτῷ</em></span> <span class='ocrx_word' id='word_1_99' title='bbox 867 1182 1149 1251; x_wconf 87' lang='grc' dir='ltr'><em>ἐπιτιμίων</em></span> <span class='ocrx_word' id='word_1_100' title='bbox 1183 1179 1417 1252; x_wconf 85' lang='grc' dir='ltr'><em>ὦφλον),</em></span> <span class='ocrx_word' id='word_1_101' title='bbox 1458 1185 1643 1253; x_wconf 81' lang='grc' dir='ltr'><em>λαβὼν</em></span> <span class='ocrx_word' id='word_1_102' title='bbox 1681 1189 1792 1238; x_wconf 82' lang='grc' dir='ltr'><em>τοί-</em></span> 
     </span>
     <span class='ocr_line' id='line_1_15' title="bbox 102 1269 1791 1341; baseline 0.001 -17"><span class='ocrx_word' id='word_1_103' title='bbox 102 1291 209 1324; x_wconf 88' lang='grc' dir='ltr'><em>νυν</em></span> <span class='ocrx_word' id='word_1_104' title='bbox 246 1269 373 1341; x_wconf 79' lang='grc' dir='ltr'><em>παρ’</em></span> <span class='ocrx_word' id='word_1_105' title='bbox 421 1271 555 1340; x_wconf 88' lang='grc' dir='ltr'><em>ἐμοῦ</em></span> <span class='ocrx_word' id='word_1_106' title='bbox 595 1269 682 1324; x_wconf 86' lang='grc' dir='ltr'><em>ἐπὶ</em></span> <span class='ocrx_word' id='word_1_107' title='bbox 721 1279 783 1340; x_wconf 73' lang='grc' dir='ltr'><em>τῇ</em></span> <span class='ocrx_word' id='word_1_108' title='bbox 824 1270 1055 1341; x_wconf 76' lang='grc' dir='ltr'><em>τραπέζῃ</em></span> <span class='ocrx_word' id='word_1_109' title='bbox 1096 1275 1272 1340; x_wconf 85' lang='grc' dir='ltr'><em>χιλίας</em></span> <span class='ocrx_word' id='word_1_110' title='bbox 1310 1276 1622 1341; x_wconf 70' lang='grc' dir='ltr'><em>τριακοσίας</em></span> <span class='ocrx_word' id='word_1_111' title='bbox 1662 1273 1791 1326; x_wconf 82' lang='grc' dir='ltr'><em>δέκα</em></span> 
     </span>
     <span class='ocr_line' id='line_1_16' title="bbox 103 1357 1793 1429; baseline 0.001 -17"><span class='ocrx_word' id='word_1_112' title='bbox 103 1369 246 1428; x_wconf 88' lang='grc' dir='ltr'><em>τρεῖς</em></span> <span class='ocrx_word' id='word_1_113' title='bbox 299 1357 391 1412; x_wconf 86' lang='grc' dir='ltr'><em>δύ’</em></span> <span class='ocrx_word' id='word_1_114' title='bbox 437 1360 615 1428; x_wconf 84' lang='grc' dir='ltr'><em>ὀβολὼ</em></span> <span class='ocrx_word' id='word_1_115' title='bbox 667 1361 727 1413; x_wconf 92' lang='grc' dir='ltr'><em>τὸ</em></span> <span class='ocrx_word' id='word_1_116' title='bbox 780 1360 999 1427; x_wconf 81' lang='grc' dir='ltr'><em>σύμπαν</em></span> <span class='ocrx_word' id='word_1_117' title='bbox 1049 1360 1379 1429; x_wconf 87' lang='grc' dir='ltr'><em>κεφάλαιον,</em></span> <span class='ocrx_word' id='word_1_118' title='bbox 1431 1359 1793 1423; x_wconf 84' lang='grc' dir='ltr'><em>ἀπαιτοῦντος</em></span> 
     </span>
     <span class='ocr_line' id='line_1_17' title="bbox 105 1446 1790 1519; baseline 0.001 -19"><span class='ocrx_word' id='word_1_119' title='bbox 105 1448 238 1516; x_wconf 88' lang='grc' dir='ltr'><em>ἐμοῦ</em></span> <span class='ocrx_word' id='word_1_120' title='bbox 283 1448 348 1501; x_wconf 85' lang='grc' dir='ltr'><em>τά</em></span> <span class='ocrx_word' id='word_1_121' title='bbox 395 1467 450 1501; x_wconf 92' lang='grc' dir='ltr'><em>τε</em></span> <span class='ocrx_word' id='word_1_122' title='bbox 497 1450 744 1518; x_wconf 88' lang='grc' dir='ltr'><em>πρόβατα</em></span> <span class='ocrx_word' id='word_1_123' title='bbox 789 1446 880 1500; x_wconf 86' lang='grc' dir='ltr'><em>καὶ</em></span> <span class='ocrx_word' id='word_1_124' title='bbox 926 1448 991 1500; x_wconf 78' lang='grc' dir='ltr'><em>τὰ</em></span> <span class='ocrx_word' id='word_1_125' title='bbox 1031 1447 1352 1517; x_wconf 80' lang='grc' dir='ltr'><em>ἀνδράποδα</em></span> <span class='ocrx_word' id='word_1_126' title='bbox 1393 1448 1481 1501; x_wconf 82' lang='grc' dir='ltr'><em>καὶ</em></span> <span class='ocrx_word' id='word_1_127' title='bbox 1522 1450 1585 1502; x_wconf 82' lang='grc' dir='ltr'><em>τὰ</em></span> <span class='ocrx_word' id='word_1_128' title='bbox 1627 1451 1790 1519; x_wconf 83' lang='grc' dir='ltr'><em>σκεύη</em></span> 
     </span>
     <span class='ocr_line' id='line_1_18' title="bbox 104 1535 1792 1607; baseline 0.001 -18"><span class='ocrx_word' id='word_1_129' title='bbox 104 1537 136 1590; x_wconf 77' lang='grc' dir='ltr'><em>ἃ</em></span> <span class='ocrx_word' id='word_1_130' title='bbox 168 1536 398 1606; x_wconf 76' lang='grc' dir='ltr'><em>ἡρπάκει</em></span> <span class='ocrx_word' id='word_1_131' title='bbox 430 1556 556 1605; x_wconf 91' lang='grc' dir='ltr'><em>μου,</em></span> <span class='ocrx_word' id='word_1_132' title='bbox 597 1535 696 1589; x_wconf 87' lang='grc' dir='ltr'><em>οὐκ</em></span> <span class='ocrx_word' id='word_1_133' title='bbox 736 1538 838 1605; x_wconf 85' lang='grc' dir='ltr'><em>ἔφη</em></span> <span class='ocrx_word' id='word_1_134' title='bbox 874 1535 1185 1590; x_wconf 79' lang='grc' dir='ltr'><em>ἀποδώσειν</em></span> <span class='ocrx_word' id='word_1_135' title='bbox 1226 1557 1338 1605; x_wconf 90' lang='grc' dir='ltr'><em>μοι,</em></span> <span class='ocrx_word' id='word_1_136' title='bbox 1378 1539 1428 1590; x_wconf 80' lang='grc' dir='ltr'><em>εἰ</em></span> <span class='ocrx_word' id='word_1_137' title='bbox 1465 1540 1538 1607; x_wconf 88' lang='grc' dir='ltr'><em>μή</em></span> <span class='ocrx_word' id='word_1_138' title='bbox 1578 1558 1658 1600; x_wconf 90' lang='grc' dir='ltr'><em>τις</em></span> <span class='ocrx_word' id='word_1_139' title='bbox 1697 1538 1792 1591; x_wconf 81' lang='grc' dir='ltr'><em>αὐ-</em></span> 
     </span>
     <span class='ocr_line' id='line_1_19' title="bbox 104 1621 1792 1694; baseline 0.001 -18"><span class='ocrx_word' id='word_1_140' title='bbox 104 1627 201 1677; x_wconf 87' lang='grc' dir='ltr'><em>τὸν</em></span> <span class='ocrx_word' id='word_1_141' title='bbox 241 1624 438 1694; x_wconf 81' lang='grc' dir='ltr'><em>ἀφήσει</em></span> <span class='ocrx_word' id='word_1_142' title='bbox 478 1623 567 1677; x_wconf 89' lang='grc' dir='ltr'><em>καὶ</em></span> <span class='ocrx_word' id='word_1_143' title='bbox 614 1626 742 1686; x_wconf 86' lang='grc' dir='ltr'><em>τοὺς</em></span> <span class='ocrx_word' id='word_1_144' title='bbox 789 1621 902 1692; x_wconf 88' lang='grc' dir='ltr'><em>μετ’</em></span> <span class='ocrx_word' id='word_1_145' title='bbox 948 1624 1120 1678; x_wconf 82' lang='grc' dir='ltr'><em>αὐτοῦ</em></span> <span class='ocrx_word' id='word_1_146' title='bbox 1159 1635 1268 1678; x_wconf 88' lang='grc' dir='ltr'><em>τῶν</em></span> <span class='ocrx_word' id='word_1_147' title='bbox 1311 1625 1663 1694; x_wconf 88' lang='grc' dir='ltr'><em>ἐγκλημάτων</em></span> <span class='ocrx_word' id='word_1_148' title='bbox 1702 1625 1792 1679; x_wconf 82' lang='grc' dir='ltr'><em>καὶ</em></span> 
     </span>
    </p>
   </div>
   <div class='ocr_carea' id='block_1_6' title="bbox 104 1711 1922 1782">
    <p class='ocr_par' dir='ltr' id='par_1_6' title="bbox 104 1711 1922 1782">
     <span class='ocr_line' id='line_1_20' title="bbox 104 1711 1922 1782; baseline 0.001 -16"><span class='ocrx_word' id='word_1_149' title='bbox 104 1715 231 1776; x_wconf 89' lang='grc' dir='ltr'><em>τοὺς</em></span> <span class='ocrx_word' id='word_1_150' title='bbox 281 1714 558 1782; x_wconf 89' lang='grc' dir='ltr'><em>μάρτυρας</em></span> <span class='ocrx_word' id='word_1_151' title='bbox 603 1722 712 1765; x_wconf 84' lang='grc' dir='ltr'><em>τῶν</em></span> <span class='ocrx_word' id='word_1_152' title='bbox 763 1715 1273 1782; x_wconf 81' lang='grc' dir='ltr'><em>ψευδομαρτυριῶν.</em></span> <span class='ocrx_word' id='word_1_153' title='bbox 1350 1722 1518 1767; x_wconf 90' lang='grc' dir='ltr'><em>ταῦτα</em></span> <span class='ocrx_word' id='word_1_154' title='bbox 1558 1711 1619 1767; x_wconf 75' lang='grc' dir='ltr'><em>δὲ</em></span> <span class='ocrx_word' id='word_1_155' title='bbox 1659 1714 1922 1768; x_wconf 73' lang='grc' dir='ltr'><em>ἀπο-1159</em></span> 
     </span>
    </p>
   </div>
   <div class='ocr_carea' id='block_1_7' title="bbox 98 1799 1792 3019">
    <p class='ocr_par' dir='ltr' id='par_1_7' title="bbox 98 1799 1792 3019">
     <span class='ocr_line' id='line_1_21' title="bbox 104 1799 1791 1872; baseline 0.001 -19"><span class='ocrx_word' id='word_1_156' title='bbox 104 1799 436 1869; x_wconf 88' lang='grc' dir='ltr'><em>κριναμένου</em></span> <span class='ocrx_word' id='word_1_157' title='bbox 469 1801 658 1869; x_wconf 85' lang='grc' dir='ltr'><em>αὐτοῦ,</em></span> <span class='ocrx_word' id='word_1_158' title='bbox 699 1801 976 1870; x_wconf 85' lang='grc' dir='ltr'><em>μάρτυρας</em></span> <span class='ocrx_word' id='word_1_159' title='bbox 1008 1799 1107 1870; x_wconf 76' lang='grc' dir='ltr'><em>μὲν</em></span> <span class='ocrx_word' id='word_1_160' title='bbox 1148 1801 1487 1871; x_wconf 80' lang='grc' dir='ltr'><em>ἐποιησάμην</em></span> <span class='ocrx_word' id='word_1_161' title='bbox 1527 1811 1620 1872; x_wconf 80' lang='grc' dir='ltr'><em>τῆς</em></span> <span class='ocrx_word' id='word_1_162' title='bbox 1659 1802 1791 1856; x_wconf 91' lang='grc' dir='ltr'><em>ἀπο-</em></span> 
     </span>
     <span class='ocr_line' id='line_1_22' title="bbox 104 1887 1791 1960; baseline 0.002 -19"><span class='ocrx_word' id='word_1_163' title='bbox 104 1893 332 1958; x_wconf 83' lang='grc' dir='ltr'><em>κρίσεως</em></span> <span class='ocrx_word' id='word_1_164' title='bbox 369 1891 499 1952; x_wconf 89' lang='grc' dir='ltr'><em>τοὺς</em></span> <span class='ocrx_word' id='word_1_165' title='bbox 528 1892 821 1957; x_wconf 85' lang='grc' dir='ltr'><em>παρόντας,</em></span> <span class='ocrx_word' id='word_1_166' title='bbox 860 1890 961 1958; x_wconf 88' lang='grc' dir='ltr'><em>τὴν</em></span> <span class='ocrx_word' id='word_1_167' title='bbox 995 1887 1055 1942; x_wconf 76' lang='grc' dir='ltr'><em>δὲ</em></span> <span class='ocrx_word' id='word_1_168' title='bbox 1096 1891 1257 1959; x_wconf 88' lang='grc' dir='ltr'><em>δίκην</em></span> <span class='ocrx_word' id='word_1_169' title='bbox 1298 1888 1552 1958; x_wconf 83' lang='grc' dir='ltr'><em>ἐξέτεισα,</em></span> <span class='ocrx_word' id='word_1_170' title='bbox 1591 1891 1791 1960; x_wconf 67' lang='grc' dir='ltr'><em>ὑπερή-4</em></span> 
     </span>
     <span class='ocr_line' id='line_1_23' title="bbox 103 1975 1783 2049; baseline 0.003 -21"><span class='ocrx_word' id='word_1_171' title='bbox 103 1997 272 2046; x_wconf 81' lang='grc' dir='ltr'><em>μερον</em></span> <span class='ocrx_word' id='word_1_172' title='bbox 310 1977 414 2047; x_wconf 83' lang='grc' dir='ltr'><em>γὰρ</em></span> <span class='ocrx_word' id='word_1_173' title='bbox 447 1977 548 2032; x_wconf 87' lang='grc' dir='ltr'><em>οὐκ</em></span> <span class='ocrx_word' id='word_1_174' title='bbox 581 1976 737 2049; x_wconf 73' lang='grc' dir='ltr'><em>ᾤμην</em></span> <span class='ocrx_word' id='word_1_175' title='bbox 779 1979 896 2030; x_wconf 83' lang='grc' dir='ltr'><em>δεῖν</em></span> <span class='ocrx_word' id='word_1_176' title='bbox 931 1977 1166 2046; x_wconf 85' lang='grc' dir='ltr'><em>ἐμαυτὸν</em></span> <span class='ocrx_word' id='word_1_177' title='bbox 1207 1975 1363 2031; x_wconf 84' lang='grc' dir='ltr'><em>εἶναι.</em></span> <span class='ocrx_word' id='word_1_178' title='bbox 1441 1981 1692 2049; x_wconf 77' lang='grc' dir='ltr'><em>Εὔεργον</em></span> <span class='ocrx_word' id='word_1_179' title='bbox 1733 1977 1783 2032; x_wconf 87' lang='grc' dir='ltr'><em>δ’</em></span> 
     </span>
     <span class='ocr_line' id='line_1_24' title="bbox 104 2063 1790 2138; baseline 0.002 -21"><span class='ocrx_word' id='word_1_180' title='bbox 104 2063 223 2118; x_wconf 85' lang='grc' dir='ltr'><em>οὐδ’</em></span> <span class='ocrx_word' id='word_1_181' title='bbox 269 2063 424 2136; x_wconf 76' lang='grc' dir='ltr'><em>ᾔδειν</em></span> <span class='ocrx_word' id='word_1_182' title='bbox 463 2068 860 2134; x_wconf 83' lang='grc' dir='ltr'><em>εἰσεληλυθότα</em></span> <span class='ocrx_word' id='word_1_183' title='bbox 899 2086 1006 2134; x_wconf 89' lang='grc' dir='ltr'><em>μου</em></span> <span class='ocrx_word' id='word_1_184' title='bbox 1046 2069 1122 2129; x_wconf 83' lang='grc' dir='ltr'><em>εἰς</em></span> <span class='ocrx_word' id='word_1_185' title='bbox 1161 2068 1261 2135; x_wconf 89' lang='grc' dir='ltr'><em>τὴν</em></span> <span class='ocrx_word' id='word_1_186' title='bbox 1302 2070 1480 2120; x_wconf 88' lang='grc' dir='ltr'><em>οἰκίαν</em></span> <span class='ocrx_word' id='word_1_187' title='bbox 1519 2069 1687 2138; x_wconf 79' lang='grc' dir='ltr'><em>ταύτῃ</em></span> <span class='ocrx_word' id='word_1_188' title='bbox 1727 2076 1790 2137; x_wconf 81' lang='grc' dir='ltr'><em>τῇ</em></span> 
     </span>
     <span class='ocr_line' id='line_1_25' title="bbox 108 2151 1790 2225; baseline 0.003 -21"><span class='ocrx_word' id='word_1_189' title='bbox 108 2152 294 2225; x_wconf 74' lang='grc' dir='ltr'><em>ἡμέρᾳ,</em></span> <span class='ocrx_word' id='word_1_190' title='bbox 333 2151 452 2207; x_wconf 83' lang='grc' dir='ltr'><em>ἀλλ’</em></span> <span class='ocrx_word' id='word_1_191' title='bbox 493 2153 685 2207; x_wconf 87' lang='grc' dir='ltr'><em>αὐτίκα</em></span> <span class='ocrx_word' id='word_1_192' title='bbox 709 2153 741 2221; x_wconf 82' lang='grc' dir='ltr'><em>ἡ</em></span> <span class='ocrx_word' id='word_1_193' title='bbox 769 2155 892 2221; x_wconf 87' lang='grc' dir='ltr'><em>δίκη</em></span> <span class='ocrx_word' id='word_1_194' title='bbox 928 2154 1268 2224; x_wconf 83' lang='grc' dir='ltr'><em>ἐξετέτειστο,</em></span> <span class='ocrx_word' id='word_1_195' title='bbox 1301 2154 1391 2208; x_wconf 85' lang='grc' dir='ltr'><em>καὶ</em></span> <span class='ocrx_word' id='word_1_196' title='bbox 1422 2152 1567 2225; x_wconf 81' lang='grc' dir='ltr'><em>εἶχεν</em></span> <span class='ocrx_word' id='word_1_197' title='bbox 1601 2156 1629 2209; x_wconf 86' lang='grc' dir='ltr'>ὁ</span> <span class='ocrx_word' id='word_1_198' title='bbox 1658 2159 1790 2209; x_wconf 82' lang='grc' dir='ltr'><em>Θεό-</em></span> 
     </span>
     <span class='ocr_line' id='line_1_26' title="bbox 103 2241 1790 2312; baseline 0.002 -19"><span class='ocrx_word' id='word_1_199' title='bbox 103 2262 282 2310; x_wconf 87' lang='grc' dir='ltr'><em>φημος</em></span> <span class='ocrx_word' id='word_1_200' title='bbox 319 2243 384 2294; x_wconf 88' lang='grc' dir='ltr'><em>τά</em></span> <span class='ocrx_word' id='word_1_201' title='bbox 421 2261 479 2294; x_wconf 89' lang='grc' dir='ltr'><em>τε</em></span> <span class='ocrx_word' id='word_1_202' title='bbox 518 2245 764 2311; x_wconf 85' lang='grc' dir='ltr'><em>πρόβατα</em></span> <span class='ocrx_word' id='word_1_203' title='bbox 804 2241 893 2295; x_wconf 85' lang='grc' dir='ltr'><em>καὶ</em></span> <span class='ocrx_word' id='word_1_204' title='bbox 933 2244 997 2294; x_wconf 81' lang='grc' dir='ltr'><em>τὰ</em></span> <span class='ocrx_word' id='word_1_205' title='bbox 1031 2243 1352 2311; x_wconf 83' lang='grc' dir='ltr'><em>ἀνδράποδα</em></span> <span class='ocrx_word' id='word_1_206' title='bbox 1391 2242 1482 2296; x_wconf 86' lang='grc' dir='ltr'><em>καὶ</em></span> <span class='ocrx_word' id='word_1_207' title='bbox 1520 2245 1585 2297; x_wconf 83' lang='grc' dir='ltr'><em>τὰ</em></span> <span class='ocrx_word' id='word_1_208' title='bbox 1626 2245 1790 2312; x_wconf 83' lang='grc' dir='ltr'><em>σκεύη</em></span> 
     </span>
     <span class='ocr_line' id='line_1_27' title="bbox 105 2328 1792 2401; baseline 0.002 -20"><span class='ocrx_word' id='word_1_209' title='bbox 105 2331 168 2381; x_wconf 78' lang='grc' dir='ltr'><em>τὰ</em></span> <span class='ocrx_word' id='word_1_210' title='bbox 207 2337 270 2399; x_wconf 77' lang='grc' dir='ltr'><em>τῇ</em></span> <span class='ocrx_word' id='word_1_211' title='bbox 309 2333 604 2400; x_wconf 78' lang='grc' dir='ltr'><em>προτεραίᾳ</em></span> <span class='ocrx_word' id='word_1_212' title='bbox 654 2333 1077 2400; x_wconf 87' lang='grc' dir='ltr'><em>περιγενόμενα,</em></span> <span class='ocrx_word' id='word_1_213' title='bbox 1124 2331 1214 2385; x_wconf 86' lang='grc' dir='ltr'><em>καὶ</em></span> <span class='ocrx_word' id='word_1_214' title='bbox 1254 2334 1482 2400; x_wconf 79' lang='grc' dir='ltr'><em>ἄγγελος</em></span> <span class='ocrx_word' id='word_1_215' title='bbox 1519 2328 1665 2401; x_wconf 76' lang='grc' dir='ltr'><em>ἦλθέ</em></span> <span class='ocrx_word' id='word_1_216' title='bbox 1699 2353 1792 2401; x_wconf 90' lang='grc' dir='ltr'><em>μοι</em></span> 
     </span>
     <span class='ocr_line' id='line_1_28' title="bbox 105 2419 1791 2488; baseline 0.002 -18"><span class='ocrx_word' id='word_1_217' title='bbox 105 2419 403 2480; x_wconf 88' lang='grc' dir='ltr'><em>λιθοκόπος</em></span> <span class='ocrx_word' id='word_1_218' title='bbox 433 2437 532 2484; x_wconf 86' lang='grc' dir='ltr'><em>τις,</em></span> <span class='ocrx_word' id='word_1_219' title='bbox 571 2419 631 2470; x_wconf 92' lang='grc' dir='ltr'><em>τὸ</em></span> <span class='ocrx_word' id='word_1_220' title='bbox 664 2421 898 2486; x_wconf 89' lang='grc' dir='ltr'><em>πλησίον</em></span> <span class='ocrx_word' id='word_1_221' title='bbox 931 2427 1115 2487; x_wconf 82' lang='grc' dir='ltr'><em>μνῆμα</em></span> <span class='ocrx_word' id='word_1_222' title='bbox 1155 2419 1529 2488; x_wconf 83' lang='grc' dir='ltr'><em>ἐργαζόμενος,</em></span> <span class='ocrx_word' id='word_1_223' title='bbox 1569 2420 1652 2474; x_wconf 84' lang='grc' dir='ltr'><em>ὅτι</em></span> <span class='ocrx_word' id='word_1_224' title='bbox 1690 2422 1791 2473; x_wconf 85' lang='grc' dir='ltr'><em>πά-</em></span> 
     </span>
     <span class='ocr_line' id='line_1_29' title="bbox 104 2505 1790 2578; baseline 0.003 -21"><span class='ocrx_word' id='word_1_225' title='bbox 104 2509 192 2558; x_wconf 87' lang='grc' dir='ltr'><em>λιν</em></span> <span class='ocrx_word' id='word_1_226' title='bbox 232 2510 434 2575; x_wconf 86' lang='grc' dir='ltr'><em>οἰ’χεται</em></span> <span class='ocrx_word' id='word_1_227' title='bbox 487 2507 728 2575; x_wconf 80' lang='grc' dir='ltr'><em>Εὔεργος</em></span> <span class='ocrx_word' id='word_1_228' title='bbox 773 2507 837 2558; x_wconf 80' lang='grc' dir='ltr'><em>τὰ</em></span> <span class='ocrx_word' id='word_1_229' title='bbox 884 2505 1157 2560; x_wconf 86' lang='grc' dir='ltr'><em>ὑπόλοιπά</em></span> <span class='ocrx_word' id='word_1_230' title='bbox 1204 2529 1310 2577; x_wconf 92' lang='grc' dir='ltr'><em>μου</em></span> <span class='ocrx_word' id='word_1_231' title='bbox 1352 2510 1517 2577; x_wconf 87' lang='grc' dir='ltr'><em>σκεύη</em></span> <span class='ocrx_word' id='word_1_232' title='bbox 1559 2508 1790 2578; x_wconf 83' lang='grc' dir='ltr'><em>ἐκφορή-</em></span> 
     </span>
     <span class='ocr_line' id='line_1_30' title="bbox 105 2592 1790 2665; baseline 0.002 -20"><span class='ocrx_word' id='word_1_233' title='bbox 105 2608 202 2655; x_wconf 88' lang='grc' dir='ltr'><em>σας</em></span> <span class='ocrx_word' id='word_1_234' title='bbox 241 2592 299 2646; x_wconf 87' lang='grc' dir='ltr'><em>ἐκ</em></span> <span class='ocrx_word' id='word_1_235' title='bbox 337 2600 431 2662; x_wconf 80' lang='grc' dir='ltr'><em>τῆς</em></span> <span class='ocrx_word' id='word_1_236' title='bbox 471 2595 665 2655; x_wconf 84' lang='grc' dir='ltr'><em>οἰκίας·</em></span> <span class='ocrx_word' id='word_1_237' title='bbox 705 2595 841 2662; x_wconf 89' lang='grc' dir='ltr'><em>πρὸς</em></span> <span class='ocrx_word' id='word_1_238' title='bbox 880 2593 945 2646; x_wconf 89' lang='grc' dir='ltr'><em>ὃν</em></span> <span class='ocrx_word' id='word_1_239' title='bbox 979 2594 1146 2648; x_wconf 86' lang='grc' dir='ltr'><em>οὐδέν</em></span> <span class='ocrx_word' id='word_1_240' title='bbox 1186 2616 1277 2664; x_wconf 89' lang='grc' dir='ltr'><em>μοι</em></span> <span class='ocrx_word' id='word_1_241' title='bbox 1316 2604 1537 2665; x_wconf 82' lang='grc' dir='ltr'><em>πρᾶγμα</em></span> <span class='ocrx_word' id='word_1_242' title='bbox 1575 2593 1661 2665; x_wconf 76' lang='grc' dir='ltr'><em>ἦν.</em></span> <span class='ocrx_word' id='word_1_243' title='bbox 1718 2598 1790 2659; x_wconf 80' lang='grc' dir='ltr'><em>ὡς</em></span> 
     </span>
     <span class='ocr_line' id='line_1_31' title="bbox 103 2676 1789 2755; baseline 0.003 -22"><span class='ocrx_word' id='word_1_244' title='bbox 103 2676 205 2733; x_wconf 79' lang='grc' dir='ltr'><em>οὖν</em></span> <span class='ocrx_word' id='word_1_245' title='bbox 244 2680 425 2750; x_wconf 83' lang='grc' dir='ltr'><em>ἀληθῆ</em></span> <span class='ocrx_word' id='word_1_246' title='bbox 467 2680 627 2750; x_wconf 87' lang='grc' dir='ltr'><em>λέγω,</em></span> <span class='ocrx_word' id='word_1_247' title='bbox 665 2680 756 2734; x_wconf 85' lang='grc' dir='ltr'><em>καὶ</em></span> <span class='ocrx_word' id='word_1_248' title='bbox 795 2681 878 2734; x_wconf 83' lang='grc' dir='ltr'><em>ὅτι</em></span> <span class='ocrx_word' id='word_1_249' title='bbox 917 2690 980 2752; x_wconf 76' lang='grc' dir='ltr'><em>τῇ</em></span> <span class='ocrx_word' id='word_1_250' title='bbox 1021 2680 1121 2751; x_wconf 72' lang='grc' dir='ltr'><em>μὲν</em></span> <span class='ocrx_word' id='word_1_251' title='bbox 1157 2687 1452 2755; x_wconf 79' lang='grc' dir='ltr'><em>προτεραίᾳ</em></span> <span class='ocrx_word' id='word_1_252' title='bbox 1491 2686 1789 2755; x_wconf 80' lang='grc' dir='ltr'><em>εἰλήφεσάν</em></span> 
     </span>
     <span class='ocr_line' id='line_1_32' title="bbox 102 2768 1788 2844; baseline 0.004 -23"><span class='ocrx_word' id='word_1_253' title='bbox 102 2789 209 2837; x_wconf 86' lang='grc' dir='ltr'><em>μου</em></span> <span class='ocrx_word' id='word_1_254' title='bbox 248 2770 314 2822; x_wconf 79' lang='grc' dir='ltr'><em>τὰ</em></span> <span class='ocrx_word' id='word_1_255' title='bbox 354 2768 610 2840; x_wconf 85' lang='grc' dir='ltr'><em>ἐνέχυρα,</em></span> <span class='ocrx_word' id='word_1_256' title='bbox 649 2778 713 2840; x_wconf 75' lang='grc' dir='ltr'><em>τῇ</em></span> <span class='ocrx_word' id='word_1_257' title='bbox 763 2768 812 2823; x_wconf 86' lang='grc' dir='ltr'><em>δ’</em></span> <span class='ocrx_word' id='word_1_258' title='bbox 860 2771 1119 2844; x_wconf 85' lang='grc' dir='ltr'><em>ὑστεραίᾳ</em></span> <span class='ocrx_word' id='word_1_259' title='bbox 1158 2772 1480 2842; x_wconf 87' lang='grc' dir='ltr'><em>ἐκομίσαντο</em></span> <span class='ocrx_word' id='word_1_260' title='bbox 1519 2775 1581 2827; x_wconf 87' lang='grc' dir='ltr'><em>τὸ</em></span> <span class='ocrx_word' id='word_1_261' title='bbox 1622 2772 1788 2842; x_wconf 85' lang='grc' dir='ltr'><em>ἀργύ-</em></span> 
     </span>
     <span class='ocr_line' id='line_1_33' title="bbox 102 2856 1788 2931; baseline 0.004 -22"><span class='ocrx_word' id='word_1_262' title='bbox 102 2876 224 2923; x_wconf 82' lang='grc' dir='ltr'><em>ριον</em></span> <span class='ocrx_word' id='word_1_263' title='bbox 273 2856 398 2927; x_wconf 88' lang='grc' dir='ltr'><em>παρ’</em></span> <span class='ocrx_word' id='word_1_264' title='bbox 447 2858 581 2928; x_wconf 82' lang='grc' dir='ltr'><em>ἐμοῦ</em></span> <span class='ocrx_word' id='word_1_265' title='bbox 628 2859 829 2925; x_wconf 82' lang='grc' dir='ltr'><em>(καίτοι</em></span> <span class='ocrx_word' id='word_1_266' title='bbox 868 2869 980 2922; x_wconf 86' lang='grc' dir='ltr'><em>πῶς</em></span> <span class='ocrx_word' id='word_1_267' title='bbox 1027 2860 1122 2930; x_wconf 80' lang='grc' dir='ltr'><em>ἂν,</em></span> <span class='ocrx_word' id='word_1_268' title='bbox 1170 2863 1222 2914; x_wconf 79' lang='grc' dir='ltr'><em>εἰ</em></span> <span class='ocrx_word' id='word_1_269' title='bbox 1269 2863 1341 2930; x_wconf 84' lang='grc' dir='ltr'><em>μὴ</em></span> <span class='ocrx_word' id='word_1_270' title='bbox 1382 2860 1788 2931; x_wconf 89' lang='grc' dir='ltr'><em>πεπορισμένον</em></span> 
     </span>
     <span class='ocr_line' id='line_1_34' title="bbox 98 2940 1787 3019; baseline 0.004 -22"><span class='ocrx_word' id='word_1_271' title='bbox 98 2963 156 2997; x_wconf 86' lang='grc' dir='ltr'><em>τε</em></span> <span class='ocrx_word' id='word_1_272' title='bbox 203 2940 272 3013; x_wconf 72' lang='grc' dir='ltr'><em>ἦν</em></span> <span class='ocrx_word' id='word_1_273' title='bbox 322 2944 413 2998; x_wconf 88' lang='grc' dir='ltr'><em>καὶ</em></span> <span class='ocrx_word' id='word_1_274' title='bbox 465 2946 815 3016; x_wconf 84' lang='grc' dir='ltr'><em>ἐπηγγέλκειν</em></span> <span class='ocrx_word' id='word_1_275' title='bbox 865 2947 1050 3011; x_wconf 81' lang='grc' dir='ltr'><em>αὐτοῖς</em></span> <span class='ocrx_word' id='word_1_276' title='bbox 1063 2988 1078 3017; x_wconf 92' lang='grc'><em>,</em></span> <span class='ocrx_word' id='word_1_277' title='bbox 1124 2949 1295 3012; x_wconf 84' lang='grc' dir='ltr'><em>εὐθὺς</em></span> <span class='ocrx_word' id='word_1_278' title='bbox 1342 2949 1410 3002; x_wconf 82' lang='grc' dir='ltr'><em>ἂν</em></span> <span class='ocrx_word' id='word_1_279' title='bbox 1459 2948 1787 3019; x_wconf 85' lang='grc' dir='ltr'><em>ἀπε’λαβον;)</em></span> 
     </span>
    </p>
   </div>
  </div>
 </body>
</html>
