2035 3158
186 150 290 202 164
723 153 774 193 L.
822 150 1326 208 [ΔΗΜΟΣΘΕΝΟΤΣ]

181 285 233 335 εί
267 280 368 353 μὲν
407 284 509 354 γάρ
550 303 629 346 τις
667 285 774 353 ἔχει
825 302 889 352 με
942 282 1203 347 ἐπιδεῖξαι
1255 283 1328 346 ὡς
1376 283 1679 352 ψεύδομαι,
1727 278 1861 335 ἀνα-

182 371 309 434 στὰς
347 371 407 424 ἐν
445 377 519 442 τῷ
561 369 670 441 ἐμῷ
709 370 870 432 ὕδατι
910 369 1259 439 ἐξελεγξάτω,
1298 371 1328 423 ὅ
1367 390 1419 423 τι
1458 369 1527 423 ἂν
1566 370 1638 438 μὴ
1677 377 1753 440 φῇ
1792 389 1858 438 με

180 457 363 528 ἀληθῆ
412 457 591 525 λέγειν
636 459 772 526 πρὸς
816 456 978 526 ὑμᾶς·
1026 460 1076 510 εἰ
1121 454 1170 511 δ’
1217 455 1367 511 ἐστὶν
1413 456 1593 526 ἀληθῆ
1631 455 1721 511 καὶ
1760 477 1860 526 μη·

181 545 292 609 δεὶς
346 548 414 599 ἄν
469 566 560 614 μοι
617 543 860 598 ἀντείποι
914 547 1077 609 ἄλλος
1131 545 1164 614 ἢ
1218 541 1404 611 οὗτος,
1460 545 1650 615 δέομαι
1703 544 1860 614 ὑμῶν

136 649 156 680 a
181 633 437 687 ἁπάντων
494 636 712 686 δικαίαν
761 631 972 702 δέησιν·
1028 634 1147 687 ὅσοι
1201 630 1300 702 μὲν
1352 643 1459 686 τῶν
1515 641 1858 703 στρατιωτῶν
1878 646 2010 689 1207

179 723 295 776 ἐστε
335 721 424 775 καὶ
462 730 662 790 παρῆτε
706 721 839 790 ἐκεῖ,
886 722 1049 775 αὐτοί
1089 741 1144 775 τε
1193 720 1580 791 ἀναμνήσθητε
1619 718 1710 774 καὶ
1748 729 1861 783 τοῖς

178 809 657 880 παρακαθημένοις
702 809 926 879 φράζετε
974 811 1074 878 τήν
1127 807 1173 863 τ’
1221 809 1357 879 ἐμὴν
1402 812 1721 879 προθυμίαν
1769 805 1859 861 καὶ

179 898 241 950 τὰ
293 899 576 967 συμβάντα
628 897 687 951 ἐν
738 904 810 968 τῷ
863 899 982 950 τότε
1032 898 1203 970 καιρῷ
1256 905 1318 968 τῇ
1369 900 1524 950 πόλει
1573 897 1859 966 πράγματα

178 985 267 1039 καὶ
306 988 400 1049 τὰς
439 986 688 1055 ἀποριάς,
727 982 798 1038 ἵν’
840 984 898 1037 ἐκ
937 985 1148 1038 τούτων
1187 986 1363 1054 εἰδῆτε
1406 985 1593 1047 ὁποῖός
1631 987 1712 1047 τίς
1749 985 1860 1053 εἰμι

178 1073 301 1143 περὶ
333 1074 366 1127 ἃ
398 1073 467 1127 ἂν
492 1071 830 1142 προστάξητε
864 1072 1040 1141 ὑμεῖς·
1082 1073 1201 1126 ὅσοι
1236 1069 1285 1126 δ’
1324 1073 1495 1126 αὐτοῦ
1527 1071 1860 1141 ἐπεδημεῖτε,

180 1170 304 1232 σιγῇ
359 1183 465 1231 μου
520 1161 750 1215 ἀκοῦσαι
814 1160 1184 1229 διηγουμένου
1247 1162 1457 1213 ἅπαντα
1513 1162 1648 1229 πρὸς
1701 1159 1859 1228 ὑμᾶς,

178 1248 266 1303 καὶ
307 1249 393 1303 ἐπὶ
431 1251 642 1304 τούτων
681 1247 914 1321 ἑκάστῳ,
954 1242 1036 1311 οἷς
1074 1247 1143 1302 ἂν
1183 1246 1350 1317 λέγω,
1396 1249 1523 1311 τούς
1561 1267 1616 1301 τε
1655 1250 1861 1317 νόμους

176 1337 553 1409 παρεχομένου
591 1336 681 1391 καὶ
720 1337 786 1390 τὰ
821 1339 1159 1406 ψηφίσματα,
1197 1336 1263 1389 τά
1301 1354 1358 1389 τε
1397 1344 1491 1405 τῆς
1528 1339 1733 1404 βουλῆς
1769 1335 1857 1389 καὶ

178 1427 241 1478 τὰ
279 1434 378 1480 τοῦ
418 1427 614 1495 δήμου,
654 1422 746 1478 καὶ
784 1426 878 1488 τὰς
916 1427 1230 1494 μαρτυρίας.

135 1529 156 1560 4
280 1513 519 1585 Ἑβδόμη
559 1514 663 1584 γὰρ
710 1515 1014 1584 φθίνοντος
1059 1521 1510 1581 μεταγειτνιῶνος
1555 1514 1727 1582 μηνὸς
1773 1511 1858 1566 ἐπὶ

179 1605 452 1665 Μόλωνος
504 1604 794 1673 ἄρχοντος,
848 1601 1132 1670 ἐκκλησίας
1186 1598 1483 1670 γενομένης
1535 1598 1627 1654 καὶ
1680 1602 1861 1670 εἰσαγ·

177 1689 489 1760 γελθέντων
520 1691 654 1760 ὑμῖν
685 1693 907 1744 πολλῶν
939 1688 1028 1742 καὶ
1061 1689 1314 1758 μεγάλων
1346 1688 1698 1758 πραγμάτων,
1731 1688 1860 1759 ἐψη-

179 1783 419 1849 φίσασθε
474 1779 568 1842 τὰς
620 1786 755 1841 ναῦς
815 1776 1108 1831 καθέλκειν
1162 1779 1291 1840 τοὺς
1342 1777 1725 1847 τριηράρχους·
1782 1772 1860 1831 ὧν

180 1867 268 1920 καὶ
309 1866 412 1936 ἐγὼ
452 1862 537 1935 ἧν.
606 1864 696 1919 καὶ
734 1867 832 1919 τὸν
871 1862 970 1934 μὲν
1011 1866 1202 1933 καιρὸν
1241 1866 1338 1919 τὸν
1378 1867 1757 1934 συμβεβηκότα
1795 1873 1858 1935 τῇ

178 1958 333 2009 πόλει
372 1958 489 2008 τότε
531 1954 632 2008 οὐκ
671 1951 762 2022 ἐμὲ
809 1955 896 2007 δεῖ
941 1953 1271 2021 διεξελθεῖν,
1318 1949 1436 2006 ἀλλ’
1482 1953 1623 2022 ὑμᾶς
1661 1953 1861 2017 αὐτοὺς

180 2043 621 2113 ἀναμνησθῆναι,
661 2041 744 2095 ὅτι
792 2044 965 2110 Τῆνος
1002 2038 1103 2110 μὲν
1134 2045 1545 2111 καταληφθεῖσα
1583 2039 1674 2095 ὑπ’
1715 2039 1858 2095 Ἀλε-

136 2131 418 2201 5ξάνδρου
470 2130 978 2200 ἐξηνδραποδίσθη,
1030 2129 1391 2198 Μιλτοκύθης
1442 2127 1489 2182 δ’
1547 2128 1860 2200 ἀφειστήκει

178 2219 284 2273 ἀπὸ
325 2221 538 2281 Κότυος
582 2216 671 2272 καὶ
717 2216 969 2288 πρέσβεις
1024 2217 1320 2286 ἐπεπόμφει
1366 2216 1488 2286 περὶ
1538 2221 1860 2288 συμμαχίας,

178 2311 411 2376 βοηθεῖν
442 2307 682 2359 κελεύων
714 2304 803 2359 καὶ
835 2306 935 2375 τὴν
970 2307 1321 2374 Χερρόνησον
1354 2303 1679 2374 ἀποδιδούς,
1710 2309 1855 2375 Προ-

178 2396 463 2463 κοννήσιοι
519 2389 579 2446 δὲ
634 2394 905 2463 σύμμαχοι
969 2394 1120 2455 ὄντες
1182 2390 1425 2446 ἱκέτευον
1478 2393 1618 2462 ὑμᾶς
1671 2393 1730 2446 ἐν
1784 2402 1855 2466 τςό

181 2484 335 2555 δήμῳ
374 2485 669 2551 βοηθῆσαι,
710 2479 959 2549 λέγοντες
991 2480 1075 2534 ὅτι
1106 2479 1211 2534 ὑπὸ
1246 2483 1568 2549 Κυζικηνῶν
1607 2479 1858 2551 κατέχον-

180 2591 267 2624 ται
305 2577 379 2642 τῷ
419 2569 637 2643 πολέμῳ
684 2567 772 2621 καὶ
812 2569 945 2621 κατὰ
985 2576 1088 2638 γῆν
1128 2566 1216 2621 καὶ
1256 2569 1387 2621 κατὰ
1424 2568 1731 2636 θάλατταν,
1769 2568 1852 2622 καὶ

138 2661 254 2729 εἰμὴ
304 2659 571 2728 περιιδεῖν
622 2655 1016 2725 ἀπολομένους·
1068 2651 1145 2709 ὧν
1196 2655 1487 2718 ἀκούοντες
1536 2655 1690 2724 ὑμεῖς
1739 2659 1856 2710 τότε

183 2747 242 2801 ἐν
281 2755 353 2819 τῷ
397 2747 549 2819 δήμῳ
589 2746 770 2798 αὐτῶν
802 2763 857 2798 τε
890 2746 1163 2813 λεγόντων
1195 2743 1284 2797 καὶ
1317 2753 1424 2797 τῶν
1457 2747 1858 2814 συναγορευόν-

183 2856 293 2888 των
332 2834 544 2902 αὐτοῖς,
592 2836 668 2887 ἔτι
708 2831 768 2887 δὲ
807 2842 916 2886 τῶν
958 2831 1211 2902 ἐμπόρων
1257 2831 1346 2885 καὶ
1385 2840 1494 2884 τῶν
1531 2835 1856 2902 ναυκλήρων

182 2921 306 2994 περὶ
354 2925 589 2976 ἔκπλουν
638 2923 815 2975 ὄντων
863 2920 922 2974 ἐκ
968 2929 1066 2974 τοῦ
1113 2923 1362 2987 Πόντου,
1408 2917 1497 2973 καὶ
1548 2922 1857 2983 Βυζαντίων

2008 785 2035 807 f
