<?xml version="1.0" encoding="UTF-8"?>
<!DOCTYPE html PUBLIC "-//W3C//DTD XHTML 1.0 Transitional//EN"
    "http://www.w3.org/TR/xhtml1/DTD/xhtml1-transitional.dtd">
<html xmlns="http://www.w3.org/1999/xhtml" xml:lang="en" lang="en">
 <head>
  <title>
</title>
<meta http-equiv="Content-Type" content="text/html;charset=utf-8" />
  <meta name='ocr-system' content='tesseract 3.04.00' />
  <meta name='ocr-capabilities' content='ocr_page ocr_carea ocr_par ocr_line ocrx_word'/>
</head>
<body>
  <div class='ocr_page' id='page_1' title='image "./p1orationesexrecen03demouoft_0221.png"; bbox 0 0 2035 3158; ppageno 0'>
   <div class='ocr_carea' id='block_1_1' title="bbox 754 126 1836 177">
    <p class='ocr_par' dir='ltr' id='par_1_1' title="bbox 754 126 1836 177">
     <span class='ocr_line' id='line_1_1' title="bbox 754 126 1836 177; baseline 0.001 -1"><span class='ocrx_word' id='word_1_1' title='bbox 754 136 908 176; x_wconf 64' lang='lat' dir='ltr'>RATA</span> <span class='ocrx_word' id='word_1_2' title='bbox 941 134 1244 176; x_wconf 62' lang='lat' dir='ltr'><em>Konsmoz.</em></span> <span class='ocrx_word' id='word_1_3' title='bbox 1728 126 1836 177; x_wconf 77' lang='lat'><em>215</em></span> 
     </span>
    </p>
   </div>
   <div class='ocr_carea' id='block_1_2' title="bbox 95 261 1987 2970">
    <p class='ocr_par' dir='ltr' id='par_1_2' title="bbox 95 261 1987 2970">
     <span class='ocr_line' id='line_1_2' title="bbox 158 261 1836 336; baseline -0.005 -15"><span class='ocrx_word' id='word_1_4' title='bbox 158 287 243 332; x_wconf 85' lang='grc' dir='ltr'><em>τες</em></span> <span class='ocrx_word' id='word_1_5' title='bbox 281 267 314 320; x_wconf 82' lang='grc' dir='ltr'><strong>ἃ</strong></span> <span class='ocrx_word' id='word_1_6' title='bbox 353 269 566 336; x_wconf 87' lang='grc' dir='ltr'><em>πολλὴν</em></span> <span class='ocrx_word' id='word_1_7' title='bbox 604 267 872 336; x_wconf 80' lang='grc' dir='ltr'><em>αἰσχύνην</em></span> <span class='ocrx_word' id='word_1_8' title='bbox 919 268 1027 336; x_wconf 86' lang='grc' dir='ltr'><em>ἔχει</em></span> <span class='ocrx_word' id='word_1_9' title='bbox 1074 263 1163 319; x_wconf 86' lang='grc' dir='ltr'><em>καὶ</em></span> <span class='ocrx_word' id='word_1_10' title='bbox 1211 262 1418 332; x_wconf 85' lang='grc' dir='ltr'><em>λέγειν,</em></span> <span class='ocrx_word' id='word_1_11' title='bbox 1464 264 1539 332; x_wconf 87' lang='grc' dir='ltr'><em>μή</em></span> <span class='ocrx_word' id='word_1_12' title='bbox 1576 264 1634 315; x_wconf 89' lang='grc' dir='ltr'><em>τί</em></span> <span class='ocrx_word' id='word_1_13' title='bbox 1667 280 1726 329; x_wconf 86' lang='grc' dir='ltr'><em>γε</em></span> <span class='ocrx_word' id='word_1_14' title='bbox 1768 261 1836 328; x_wconf 81' lang='grc' dir='ltr'><em>δὴ</em></span> 
     </span>
     <span class='ocr_line' id='line_1_3' title="bbox 155 349 1838 424; baseline -0.006 -14"><span class='ocrx_word' id='word_1_15' title='bbox 155 365 336 410; x_wconf 80' lang='grc' dir='ltr'><em>ποιεῖν</em></span> <span class='ocrx_word' id='word_1_16' title='bbox 374 354 706 424; x_wconf 78' lang='grc' dir='ltr'><strong><em>ἀνθρώπους</em></strong></span> <span class='ocrx_word' id='word_1_17' title='bbox 745 357 1012 424; x_wconf 79' lang='grc' dir='ltr'><strong><em>μετρίους.</em></strong></span> <span class='ocrx_word' id='word_1_18' title='bbox 1075 351 1212 406; x_wconf 81' lang='grc' dir='ltr'><em>ἀλλὰ</em></span> <span class='ocrx_word' id='word_1_19' title='bbox 1244 355 1301 405; x_wconf 91' lang='grc' dir='ltr'><em>τί</em></span> <span class='ocrx_word' id='word_1_20' title='bbox 1326 349 1475 405; x_wconf 89' lang='grc' dir='ltr'><em>ταῦτ’</em></span> <span class='ocrx_word' id='word_1_21' title='bbox 1516 350 1659 419; x_wconf 82' lang='grc' dir='ltr'><em>ἐμοί;</em></span> <span class='ocrx_word' id='word_1_22' title='bbox 1698 354 1838 401; x_wconf 84' lang='grc' dir='ltr'><em>θαυ-</em></span> 
     </span>
     <span class='ocr_line' id='line_1_4' title="bbox 158 435 1839 513; baseline -0.005 -17"><span class='ocrx_word' id='word_1_23' title='bbox 158 443 302 513; x_wconf 80' lang='grc' dir='ltr'><em>μάζω</em></span> <span class='ocrx_word' id='word_1_24' title='bbox 343 443 447 511; x_wconf 79' lang='grc' dir='ltr'><em>γὰρ</em></span> <span class='ocrx_word' id='word_1_25' title='bbox 497 439 685 511; x_wconf 82' lang='grc' dir='ltr'><em>ἔγωγ’,</em></span> <span class='ocrx_word' id='word_1_26' title='bbox 731 447 786 495; x_wconf 77' lang='grc' dir='ltr'><em>εἴ</em></span> <span class='ocrx_word' id='word_1_27' title='bbox 826 444 904 504; x_wconf 89' lang='grc' dir='ltr'><em>τίς</em></span> <span class='ocrx_word' id='word_1_28' title='bbox 950 441 1098 494; x_wconf 83' lang='grc' dir='ltr'><em>ἐστιν</em></span> <span class='ocrx_word' id='word_1_29' title='bbox 1143 443 1416 510; x_wconf 83' lang='grc' dir='ltr'><em>πρόφασις</em></span> <span class='ocrx_word' id='word_1_30' title='bbox 1461 435 1588 507; x_wconf 88' lang='grc' dir='ltr'><em>παρ’</em></span> <span class='ocrx_word' id='word_1_31' title='bbox 1634 437 1766 505; x_wconf 83' lang='grc' dir='ltr'><em>ὑμῖν</em></span> <span class='ocrx_word' id='word_1_32' title='bbox 1805 435 1839 504; x_wconf 78' lang='grc' dir='ltr'>ἢ</span> 
     </span>
     <span class='ocr_line' id='line_1_5' title="bbox 159 523 1840 599; baseline -0.005 -16"><span class='ocrx_word' id='word_1_33' title='bbox 159 537 355 599; x_wconf 84' lang='grc' dir='ltr'><em>σκῆψις</em></span> <span class='ocrx_word' id='word_1_34' title='bbox 392 528 684 599; x_wconf 78' lang='grc' dir='ltr'><em>εὑρημένη,</em></span> <span class='ocrx_word' id='word_1_35' title='bbox 724 527 797 583; x_wconf 86' lang='grc' dir='ltr'><em>δι’</em></span> <span class='ocrx_word' id='word_1_36' title='bbox 840 528 938 597; x_wconf 75' lang='grc' dir='ltr'><em>ἣν,</em></span> <span class='ocrx_word' id='word_1_37' title='bbox 984 527 1052 581; x_wconf 80' lang='grc' dir='ltr'><em>ἂν</em></span> <span class='ocrx_word' id='word_1_38' title='bbox 1103 528 1342 598; x_wconf 80' lang='grc' dir='ltr'><em>ὑβρίζων</em></span> <span class='ocrx_word' id='word_1_39' title='bbox 1381 547 1463 590; x_wconf 89' lang='grc' dir='ltr'><em>τις</em></span> <span class='ocrx_word' id='word_1_40' title='bbox 1502 523 1840 594; x_wconf 74' lang='grc' dir='ltr'><strong><em>ἐξελέγχηται</em></strong></span> 
     </span>
     <span class='ocr_line' id='line_1_6' title="bbox 158 613 1840 686; baseline -0.005 -14"><span class='ocrx_word' id='word_1_41' title='bbox 158 616 248 672; x_wconf 86' lang='grc' dir='ltr'><em>καὶ</em></span> <span class='ocrx_word' id='word_1_42' title='bbox 285 619 522 685; x_wconf 84' lang='grc' dir='ltr'><em>τύπτων,</em></span> <span class='ocrx_word' id='word_1_43' title='bbox 564 618 722 686; x_wconf 90' lang='grc' dir='ltr'><em>δίκην</em></span> <span class='ocrx_word' id='word_1_44' title='bbox 762 616 829 671; x_wconf 87' lang='grc' dir='ltr'><em>οὐ</em></span> <span class='ocrx_word' id='word_1_45' title='bbox 870 617 1047 670; x_wconf 86' lang='grc' dir='ltr'><em>δώσει.</em></span> <span class='ocrx_word' id='word_1_46' title='bbox 1126 616 1183 670; x_wconf 77' lang='lat' dir='ltr'><em>oc</em></span> <span class='ocrx_word' id='word_1_47' title='bbox 1217 613 1317 685; x_wconf 72' lang='grc' dir='ltr'><em>μὲν</em></span> <span class='ocrx_word' id='word_1_48' title='bbox 1357 616 1459 684; x_wconf 84' lang='grc' dir='ltr'><em>γὰρ</em></span> <span class='ocrx_word' id='word_1_49' title='bbox 1499 617 1660 682; x_wconf 90' lang='grc' dir='ltr'><em>νόμοι</em></span> <span class='ocrx_word' id='word_1_50' title='bbox 1698 613 1840 664; x_wconf 90' lang='grc' dir='ltr'><em>πολὺ</em></span> 
     </span>
     <span class='ocr_line' id='line_1_7' title="bbox 157 702 1843 774; baseline -0.005 -14"><span class='ocrx_word' id='word_1_51' title='bbox 157 705 419 760; x_wconf 89' lang='grc' dir='ltr'><em>τάναντία</em></span> <span class='ocrx_word' id='word_1_52' title='bbox 459 704 548 760; x_wconf 86' lang='grc' dir='ltr'><em>καὶ</em></span> <span class='ocrx_word' id='word_1_53' title='bbox 588 706 680 768; x_wconf 85' lang='grc' dir='ltr'><em>τὰς</em></span> <span class='ocrx_word' id='word_1_54' title='bbox 719 704 1015 773; x_wconf 89' lang='grc' dir='ltr'><em>ἀναγκαίας</em></span> <span class='ocrx_word' id='word_1_55' title='bbox 1060 705 1386 774; x_wconf 75' lang='grc' dir='ltr'><em>προφάσεις,</em></span> <span class='ocrx_word' id='word_1_56' title='bbox 1433 703 1579 765; x_wconf 82' lang='grc' dir='ltr'><em>ὅπως</em></span> <span class='ocrx_word' id='word_1_57' title='bbox 1617 702 1688 770; x_wconf 86' lang='grc' dir='ltr'><em>μὴ</em></span> <span class='ocrx_word' id='word_1_58' title='bbox 1729 702 1843 768; x_wconf 84' lang='grc' dir='ltr'><em>μεί-</em></span> 
     </span>
     <span class='ocr_line' id='line_1_8' title="bbox 161 785 1843 862; baseline -0.004 -15"><span class='ocrx_word' id='word_1_59' title='bbox 161 797 284 859; x_wconf 83' lang='grc' dir='ltr'><em>ζους</em></span> <span class='ocrx_word' id='word_1_60' title='bbox 335 797 666 862; x_wconf 88' lang='grc' dir='ltr'><em>γίγνωνται,</em></span> <span class='ocrx_word' id='word_1_61' title='bbox 719 795 1073 861; x_wconf 78' lang='grc' dir='ltr'><em>προείδοντο,</em></span> <span class='ocrx_word' id='word_1_62' title='bbox 1128 785 1535 862; x_wconf 75' lang='grc' dir='ltr'><em>οἶον’(ἀνάγκη</em></span> <span class='ocrx_word' id='word_1_63' title='bbox 1592 788 1695 858; x_wconf 91' lang='grc' dir='ltr'><em>γάρ</em></span> <span class='ocrx_word' id='word_1_64' title='bbox 1749 807 1843 856; x_wconf 86' lang='grc' dir='ltr'><em>μοι</em></span> 
     </span>
     <span class='ocr_line' id='line_1_9' title="bbox 157 872 1844 950; baseline -0.004 -15"><span class='ocrx_word' id='word_1_65' title='bbox 157 890 327 936; x_wconf 88' lang='grc' dir='ltr'><em>ταῦτα</em></span> <span class='ocrx_word' id='word_1_66' title='bbox 367 879 457 934; x_wconf 87' lang='grc' dir='ltr'><em>καὶ</em></span> <span class='ocrx_word' id='word_1_67' title='bbox 490 884 665 950; x_wconf 83' lang='grc' dir='ltr'><em>ζητεῖν</em></span> <span class='ocrx_word' id='word_1_68' title='bbox 697 880 786 934; x_wconf 86' lang='grc' dir='ltr'><em>καὶ</em></span> <span class='ocrx_word' id='word_1_69' title='bbox 818 882 1207 935; x_wconf 79' lang='grc' dir='ltr'><em>πυνθάνεσθαι</em></span> <span class='ocrx_word' id='word_1_70' title='bbox 1241 880 1331 932; x_wconf 82' lang='grc' dir='ltr'><em>διὰ</em></span> <span class='ocrx_word' id='word_1_71' title='bbox 1363 887 1559 933; x_wconf 88' lang='grc' dir='ltr'><em>τοῦτον</em></span> <span class='ocrx_word' id='word_1_72' title='bbox 1591 872 1844 947; x_wconf 83' lang='grc' dir='ltr'><em>γέγονεν)</em></span> 
     </span>
     <span class='ocr_line' id='line_1_10' title="bbox 95 965 1842 1038; baseline -0.001 -19"><span class='ocrx_word' id='word_1_73' title='bbox 95 986 138 1019; x_wconf 83' lang='lat'><em>18</em></span> <span class='ocrx_word' id='word_1_74' title='bbox 160 968 266 1023; x_wconf 76' lang='grc' dir='ltr'><em>εἰσὶ</em></span> <span class='ocrx_word' id='word_1_75' title='bbox 305 972 633 1038; x_wconf 76' lang='grc' dir='ltr'><em>κακηγορίας</em></span> <span class='ocrx_word' id='word_1_76' title='bbox 673 971 841 1023; x_wconf 82' lang='grc' dir='ltr'><em>δίκαι·</em></span> <span class='ocrx_word' id='word_1_77' title='bbox 889 967 1025 1038; x_wconf 83' lang='grc' dir='ltr'><em>φασὶ</em></span> <span class='ocrx_word' id='word_1_78' title='bbox 1072 971 1262 1022; x_wconf 85' lang='grc' dir='ltr'><em>τοίνυν</em></span> <span class='ocrx_word' id='word_1_79' title='bbox 1307 968 1505 1029; x_wconf 83' lang='grc' dir='ltr'><em>ταύτας</em></span> <span class='ocrx_word' id='word_1_80' title='bbox 1553 965 1641 1019; x_wconf 77' lang='grc' dir='ltr'><em>διὰ</em></span> <span class='ocrx_word' id='word_1_81' title='bbox 1681 972 1842 1018; x_wconf 89' lang='grc' dir='ltr'><em>τοῦτο</em></span> 
     </span>
     <span class='ocr_line' id='line_1_11' title="bbox 162 1052 1845 1127; baseline -0.004 -16"><span class='ocrx_word' id='word_1_82' title='bbox 162 1060 483 1126; x_wconf 79' lang='grc' dir='ltr'><em>γίγνεσθαι,</em></span> <span class='ocrx_word' id='word_1_83' title='bbox 544 1059 636 1110; x_wconf 74' lang='grc' dir='ltr'><em>’ίνα</em></span> <span class='ocrx_word' id='word_1_84' title='bbox 689 1058 762 1127; x_wconf 85' lang='grc' dir='ltr'><em>μὴ</em></span> <span class='ocrx_word' id='word_1_85' title='bbox 818 1058 1239 1126; x_wconf 81' lang='grc' dir='ltr'><em>λοιδορούμενοι</em></span> <span class='ocrx_word' id='word_1_86' title='bbox 1299 1056 1521 1108; x_wconf 85' lang='grc' dir='ltr'><em>τύπτειν</em></span> <span class='ocrx_word' id='word_1_87' title='bbox 1574 1052 1845 1121; x_wconf 77' lang='grc' dir='ltr'><em>ἀλλήλους</em></span> 
     </span>
     <span class='ocr_line' id='line_1_12' title="bbox 161 1140 1844 1215; baseline -0.004 -16"><span class='ocrx_word' id='word_1_88' title='bbox 161 1145 530 1215; x_wconf 78' lang='grc' dir='ltr'><em>προάγωνται.</em></span> <span class='ocrx_word' id='word_1_89' title='bbox 599 1145 766 1198; x_wconf 88' lang='grc' dir='ltr'><em>πάλιν</em></span> <span class='ocrx_word' id='word_1_90' title='bbox 816 1147 1020 1208; x_wconf 86' lang='grc' dir='ltr'><em>αἰκείας</em></span> <span class='ocrx_word' id='word_1_91' title='bbox 1066 1146 1230 1197; x_wconf 83' lang='grc' dir='ltr'><em>εἰσίν·</em></span> <span class='ocrx_word' id='word_1_92' title='bbox 1285 1141 1374 1196; x_wconf 88' lang='grc' dir='ltr'><em>καὶ</em></span> <span class='ocrx_word' id='word_1_93' title='bbox 1421 1143 1615 1204; x_wconf 89' lang='grc' dir='ltr'><em>ταύτας</em></span> <span class='ocrx_word' id='word_1_94' title='bbox 1662 1140 1844 1194; x_wconf 82' lang='grc' dir='ltr'><em>ἀκούω</em></span> 
     </span>
     <span class='ocr_line' id='line_1_13' title="bbox 163 1222 1846 1301; baseline -0.004 -15"><span class='ocrx_word' id='word_1_95' title='bbox 163 1234 256 1286; x_wconf 80' lang='grc' dir='ltr'><em>διὰ</em></span> <span class='ocrx_word' id='word_1_96' title='bbox 294 1230 441 1287; x_wconf 88' lang='grc' dir='ltr'><em>τοῦτ’</em></span> <span class='ocrx_word' id='word_1_97' title='bbox 487 1228 629 1286; x_wconf 81' lang='grc' dir='ltr'><em>εἶναι</em></span> <span class='ocrx_word' id='word_1_98' title='bbox 667 1233 761 1296; x_wconf 86' lang='grc' dir='ltr'><em>τὰς</em></span> <span class='ocrx_word' id='word_1_99' title='bbox 801 1234 980 1301; x_wconf 92' lang='grc' dir='ltr'><em>δίκας,</em></span> <span class='ocrx_word' id='word_1_100' title='bbox 1027 1233 1118 1285; x_wconf 85' lang='grc' dir='ltr'><em>ἵνα</em></span> <span class='ocrx_word' id='word_1_101' title='bbox 1158 1229 1367 1301; x_wconf 87' lang='grc' dir='ltr'><em>μηδεὶς,</em></span> <span class='ocrx_word' id='word_1_102' title='bbox 1407 1231 1539 1283; x_wconf 84' lang='grc' dir='ltr'><em>ὅταν</em></span> <span class='ocrx_word' id='word_1_103' title='bbox 1577 1230 1753 1297; x_wconf 81' lang='grc' dir='ltr'><em>ἥττων</em></span> <span class='ocrx_word' id='word_1_104' title='bbox 1794 1222 1846 1298; x_wconf 76' lang='grc' dir='ltr'><em>ᾖ,</em></span> 
     </span>
     <span class='ocr_line' id='line_1_14' title="bbox 163 1316 1848 1393; baseline -0.004 -19"><span class='ocrx_word' id='word_1_105' title='bbox 163 1324 305 1393; x_wconf 73' lang='grc' dir='ltr'><em>λίθῳ</em></span> <span class='ocrx_word' id='word_1_106' title='bbox 345 1317 480 1390; x_wconf 73' lang='grc' dir='ltr'><em>μηδὲ</em></span> <span class='ocrx_word' id='word_1_107' title='bbox 522 1330 631 1373; x_wconf 86' lang='grc' dir='ltr'><em>τῶν</em></span> <span class='ocrx_word' id='word_1_108' title='bbox 670 1321 937 1374; x_wconf 90' lang='grc' dir='ltr'><em>τοιούτων</em></span> <span class='ocrx_word' id='word_1_109' title='bbox 984 1319 1255 1389; x_wconf 81' lang='grc' dir='ltr'><em>ἀμύνηται</em></span> <span class='ocrx_word' id='word_1_110' title='bbox 1302 1319 1525 1387; x_wconf 89' lang='grc' dir='ltr'><em>μηδενί,</em></span> <span class='ocrx_word' id='word_1_111' title='bbox 1571 1316 1709 1369; x_wconf 82' lang='grc' dir='ltr'><em>ἀλλὰ</em></span> <span class='ocrx_word' id='word_1_112' title='bbox 1749 1317 1848 1384; x_wconf 89' lang='grc' dir='ltr'><em>τὴν</em></span> 
     </span>
     <span class='ocr_line' id='line_1_15' title="bbox 163 1401 1847 1483; baseline -0.004 -21"><span class='ocrx_word' id='word_1_113' title='bbox 163 1408 225 1462; x_wconf 83' lang='grc' dir='ltr'><em>ἐκ</em></span> <span class='ocrx_word' id='word_1_114' title='bbox 269 1416 369 1462; x_wconf 91' lang='grc' dir='ltr'><em>τοῦ</em></span> <span class='ocrx_word' id='word_1_115' title='bbox 414 1411 590 1477; x_wconf 64' lang='grc' dir='ltr'><em>νόμου</em></span> <span class='ocrx_word' id='word_1_116' title='bbox 642 1410 801 1478; x_wconf 88' lang='grc' dir='ltr'><em>δίκην</em></span> <span class='ocrx_word' id='word_1_117' title='bbox 849 1407 1108 1483; x_wconf 84' lang='grc' dir='ltr'><em>ἀναμένῃ.</em></span> <span class='ocrx_word' id='word_1_118' title='bbox 1179 1408 1486 1476; x_wconf 86' lang='grc' dir='ltr'><em>τραύματος</em></span> <span class='ocrx_word' id='word_1_119' title='bbox 1531 1406 1696 1458; x_wconf 90' lang='grc' dir='ltr'><em>πάλιν</em></span> <span class='ocrx_word' id='word_1_120' title='bbox 1742 1401 1847 1456; x_wconf 80' lang='grc' dir='ltr'><em>εἰσὶ</em></span> 
     </span>
     <span class='ocr_line' id='line_1_16' title="bbox 163 1495 1847 1567; baseline -0.004 -17"><span class='ocrx_word' id='word_1_121' title='bbox 163 1500 390 1567; x_wconf 83' lang='grc' dir='ltr'><em>γραφαί,</em></span> <span class='ocrx_word' id='word_1_122' title='bbox 423 1505 521 1551; x_wconf 88' lang='grc' dir='ltr'><em>τοῦ</em></span> <span class='ocrx_word' id='word_1_123' title='bbox 545 1498 617 1566; x_wconf 86' lang='grc' dir='ltr'><em>μὴ</em></span> <span class='ocrx_word' id='word_1_124' title='bbox 642 1495 1091 1566; x_wconf 81' lang='grc' dir='ltr'><em>τιτρωσκομένων</em></span> <span class='ocrx_word' id='word_1_125' title='bbox 1117 1504 1284 1548; x_wconf 85' lang='grc' dir='ltr'><em>τινῶν</em></span> <span class='ocrx_word' id='word_1_126' title='bbox 1308 1497 1518 1564; x_wconf 81' lang='grc' dir='ltr'><em>φόνους</em></span> <span class='ocrx_word' id='word_1_127' title='bbox 1541 1497 1847 1562; x_wconf 81' lang='grc' dir='ltr'><em>γίγνεσθαι.</em></span> 
     </span>
     <span class='ocr_line' id='line_1_17' title="bbox 99 1581 1850 1654; baseline -0.001 -19"><span class='ocrx_word' id='word_1_128' title='bbox 99 1600 142 1634; x_wconf 72' lang='lat'><em>12</em></span> <span class='ocrx_word' id='word_1_129' title='bbox 164 1586 224 1638; x_wconf 91' lang='grc' dir='ltr'><em>τὸ</em></span> <span class='ocrx_word' id='word_1_130' title='bbox 256 1587 621 1654; x_wconf 85' lang='grc' dir='ltr'><em>φαυλότατον,</em></span> <span class='ocrx_word' id='word_1_131' title='bbox 654 1581 824 1654; x_wconf 82' lang='grc' dir='ltr'><em>οἶμαι,</em></span> <span class='ocrx_word' id='word_1_132' title='bbox 856 1586 916 1638; x_wconf 91' lang='grc' dir='ltr'><em>τὸ</em></span> <span class='ocrx_word' id='word_1_133' title='bbox 949 1592 1042 1652; x_wconf 83' lang='grc' dir='ltr'><em>τῆς</em></span> <span class='ocrx_word' id='word_1_134' title='bbox 1074 1585 1370 1653; x_wconf 73' lang='grc' dir='ltr'><em>λοιδορίας,</em></span> <span class='ocrx_word' id='word_1_135' title='bbox 1401 1584 1506 1652; x_wconf 93' lang='grc' dir='ltr'><em>πρὸ</em></span> <span class='ocrx_word' id='word_1_136' title='bbox 1538 1590 1637 1635; x_wconf 90' lang='grc' dir='ltr'><em>τοῦ</em></span> <span class='ocrx_word' id='word_1_137' title='bbox 1668 1585 1850 1634; x_wconf 85' lang='grc' dir='ltr'><em>τελευ-</em></span> 
     </span>
     <span class='ocr_line' id='line_1_18' title="bbox 164 1671 1850 1748; baseline -0.003 -22"><span class='ocrx_word' id='word_1_138' title='bbox 164 1676 322 1727; x_wconf 88' lang='grc' dir='ltr'><em>ταίου</em></span> <span class='ocrx_word' id='word_1_139' title='bbox 353 1671 442 1748; x_wconf 88' lang='grc' dir='ltr'><em>καὶ</em></span> <span class='ocrx_word' id='word_1_140' title='bbox 478 1673 795 1726; x_wconf 80' lang='grc' dir='ltr'><em>δεινοτάτου</em></span> <span class='ocrx_word' id='word_1_141' title='bbox 826 1674 1186 1742; x_wconf 84' lang='grc' dir='ltr'><em>προεώραται,</em></span> <span class='ocrx_word' id='word_1_142' title='bbox 1224 1679 1323 1725; x_wconf 87' lang='grc' dir='ltr'><em>τοῦ</em></span> <span class='ocrx_word' id='word_1_143' title='bbox 1355 1672 1427 1740; x_wconf 88' lang='grc' dir='ltr'><em>μὴ</em></span> <span class='ocrx_word' id='word_1_144' title='bbox 1460 1673 1638 1739; x_wconf 86' lang='grc' dir='ltr'><em>φόνον</em></span> <span class='ocrx_word' id='word_1_145' title='bbox 1670 1672 1850 1738; x_wconf 71' lang='grc' dir='ltr'><em>γίγνε·</em></span> 
     </span>
     <span class='ocr_line' id='line_1_19' title="bbox 167 1756 1852 1829; baseline -0.002 -16"><span class='ocrx_word' id='word_1_146' title='bbox 167 1765 321 1829; x_wconf 78' lang='grc' dir='ltr'><em>σθαι,</em></span> <span class='ocrx_word' id='word_1_147' title='bbox 360 1758 486 1829; x_wconf 89' lang='grc' dir='ltr'><em>μηδ’</em></span> <span class='ocrx_word' id='word_1_148' title='bbox 532 1761 844 1828; x_wconf 86' lang='grc' dir='ltr'><em>ὑπάγεσθαι</em></span> <span class='ocrx_word' id='word_1_149' title='bbox 891 1761 1024 1813; x_wconf 80' lang='grc' dir='ltr'><em>κατὰ</em></span> <span class='ocrx_word' id='word_1_150' title='bbox 1071 1762 1268 1829; x_wconf 90' lang='grc' dir='ltr'><em>μικρὸν</em></span> <span class='ocrx_word' id='word_1_151' title='bbox 1318 1758 1375 1812; x_wconf 83' lang='grc' dir='ltr'><em>ἐκ</em></span> <span class='ocrx_word' id='word_1_152' title='bbox 1423 1756 1522 1828; x_wconf 76' lang='grc' dir='ltr'><em>μὲν</em></span> <span class='ocrx_word' id='word_1_153' title='bbox 1571 1759 1852 1826; x_wconf 86' lang='grc' dir='ltr'><em>λοιδορίας</em></span> 
     </span>
     <span class='ocr_line' id='line_1_20' title="bbox 165 1842 1987 1917; baseline -0.003 -15"><span class='ocrx_word' id='word_1_154' title='bbox 165 1851 246 1911; x_wconf 82' lang='grc' dir='ltr'><em>εἰς</em></span> <span class='ocrx_word' id='word_1_155' title='bbox 282 1849 510 1917; x_wconf 88' lang='grc' dir='ltr'><em>πληγάς,</em></span> <span class='ocrx_word' id='word_1_156' title='bbox 549 1847 608 1901; x_wconf 86' lang='grc' dir='ltr'><em>ἐκ</em></span> <span class='ocrx_word' id='word_1_157' title='bbox 649 1845 708 1900; x_wconf 77' lang='grc' dir='ltr'><em>δὲ</em></span> <span class='ocrx_word' id='word_1_158' title='bbox 748 1851 973 1915; x_wconf 86' lang='grc' dir='ltr'><em>πληγῶν</em></span> <span class='ocrx_word' id='word_1_159' title='bbox 1020 1850 1096 1910; x_wconf 90' lang='grc' dir='ltr'><em>είς</em></span> <span class='ocrx_word' id='word_1_160' title='bbox 1143 1848 1448 1917; x_wconf 86' lang='grc' dir='ltr'><em>τραύματα,</em></span> <span class='ocrx_word' id='word_1_161' title='bbox 1489 1845 1547 1898; x_wconf 84' lang='grc' dir='ltr'><em>ἐκ</em></span> <span class='ocrx_word' id='word_1_162' title='bbox 1588 1842 1648 1898; x_wconf 75' lang='grc' dir='ltr'><em>δὲ</em></span> <span class='ocrx_word' id='word_1_163' title='bbox 1688 1856 1987 1913; x_wconf 64' lang='lat' dir='ltr'>mcxv-1263</span> 
     </span>
     <span class='ocr_line' id='line_1_21' title="bbox 167 1931 1851 2006; baseline -0.002 -18"><span class='ocrx_word' id='word_1_164' title='bbox 167 1937 353 2006; x_wconf 86' lang='grc' dir='ltr'><em>μάτων</em></span> <span class='ocrx_word' id='word_1_165' title='bbox 392 1937 470 2000; x_wconf 87' lang='grc' dir='ltr'><em>εἰς</em></span> <span class='ocrx_word' id='word_1_166' title='bbox 506 1936 774 2003; x_wconf 81' lang='grc' dir='ltr'><em>θάνατον,</em></span> <span class='ocrx_word' id='word_1_167' title='bbox 815 1932 932 1988; x_wconf 90' lang='grc' dir='ltr'><em>ἀλλ’</em></span> <span class='ocrx_word' id='word_1_168' title='bbox 980 1935 1040 1989; x_wconf 85' lang='grc' dir='ltr'><em>ἐν</em></span> <span class='ocrx_word' id='word_1_169' title='bbox 1078 1946 1191 1998; x_wconf 82' lang='grc' dir='ltr'><em>τοῖς</em></span> <span class='ocrx_word' id='word_1_170' title='bbox 1229 1938 1421 2004; x_wconf 89' lang='grc' dir='ltr'><em>νόμοις</em></span> <span class='ocrx_word' id='word_1_171' title='bbox 1461 1931 1601 1987; x_wconf 80' lang='grc' dir='ltr'><em>εἶναι</em></span> <span class='ocrx_word' id='word_1_172' title='bbox 1641 1934 1851 1986; x_wconf 87' lang='grc' dir='ltr'><em>τούτων</em></span> 
     </span>
     <span class='ocr_line' id='line_1_22' title="bbox 169 2018 1852 2093; baseline -0.002 -16"><span class='ocrx_word' id='word_1_173' title='bbox 169 2022 398 2077; x_wconf 81' lang='grc' dir='ltr'><em>ἑκάστου</em></span> <span class='ocrx_word' id='word_1_174' title='bbox 429 2025 530 2093; x_wconf 87' lang='grc' dir='ltr'><em>τὴν</em></span> <span class='ocrx_word' id='word_1_175' title='bbox 564 2025 743 2092; x_wconf 87' lang='grc' dir='ltr'><em>δίκην,</em></span> <span class='ocrx_word' id='word_1_176' title='bbox 783 2024 854 2092; x_wconf 84' lang='grc' dir='ltr'><em>μὴ</em></span> <span class='ocrx_word' id='word_1_177' title='bbox 887 2031 950 2093; x_wconf 79' lang='grc' dir='ltr'><em>τῇ</em></span> <span class='ocrx_word' id='word_1_178' title='bbox 982 2032 1082 2078; x_wconf 86' lang='grc' dir='ltr'><em>τοῦ</em></span> <span class='ocrx_word' id='word_1_179' title='bbox 1112 2025 1516 2093; x_wconf 84' lang='grc' dir='ltr'><em>προστυχόντος</em></span> <span class='ocrx_word' id='word_1_180' title='bbox 1548 2021 1682 2091; x_wconf 78' lang='grc' dir='ltr'><em>ὀργῇ</em></span> <span class='ocrx_word' id='word_1_181' title='bbox 1716 2018 1852 2090; x_wconf 77' lang='grc' dir='ltr'><em>μηδὲ</em></span> 
     </span>
     <span class='ocr_line' id='line_1_23' title="bbox 101 2107 1855 2181; baseline -0.001 -18"><span class='ocrx_word' id='word_1_182' title='bbox 101 2115 429 2181; x_wconf 66' lang='grc' dir='ltr'><em>ποβουλήσει</em></span> <span class='ocrx_word' id='word_1_183' title='bbox 479 2120 646 2165; x_wconf 88' lang='grc' dir='ltr'><em>ταῦτα</em></span> <span class='ocrx_word' id='word_1_184' title='bbox 696 2115 1001 2181; x_wconf 83' lang='grc' dir='ltr'><em>κρίνεσθαι.</em></span> <span class='ocrx_word' id='word_1_185' title='bbox 1083 2108 1177 2164; x_wconf 79' lang='grc' dir='ltr'><em>εἶτ’</em></span> <span class='ocrx_word' id='word_1_186' title='bbox 1225 2110 1284 2163; x_wconf 84' lang='grc' dir='ltr'><em>ἐν</em></span> <span class='ocrx_word' id='word_1_187' title='bbox 1342 2107 1442 2178; x_wconf 75' lang='grc' dir='ltr'><em>μὲν</em></span> <span class='ocrx_word' id='word_1_188' title='bbox 1501 2118 1614 2172; x_wconf 86' lang='grc' dir='ltr'><em>τοῖς</em></span> <span class='ocrx_word' id='word_1_189' title='bbox 1663 2112 1855 2178; x_wconf 88' lang='grc' dir='ltr'><em>νόμοις</em></span> 
     </span>
     <span class='ocr_line' id='line_1_24' title="bbox 171 2196 1855 2271; baseline -0.003 -17"><span class='ocrx_word' id='word_1_190' title='bbox 171 2201 366 2263; x_wconf 79' lang='grc' dir='ltr'><em>οὕτως·</em></span> <span class='ocrx_word' id='word_1_191' title='bbox 421 2198 490 2253; x_wconf 77' lang='grc' dir='ltr'><em>ἂν</em></span> <span class='ocrx_word' id='word_1_192' title='bbox 546 2197 595 2252; x_wconf 91' lang='grc' dir='ltr'><em>δ’</em></span> <span class='ocrx_word' id='word_1_193' title='bbox 657 2204 779 2271; x_wconf 79' lang='grc' dir='ltr'><em>εἴπῃ</em></span> <span class='ocrx_word' id='word_1_194' title='bbox 835 2202 1036 2253; x_wconf 87' lang='grc' dir='ltr'><em>Κόνων</em></span> <span class='ocrx_word' id='word_1_195' title='bbox 1100 2199 1436 2269; x_wconf 66' lang='grc' dir='ltr'><em>Ὑθύφαλλοί</em></span> <span class='ocrx_word' id='word_1_196' title='bbox 1495 2196 1637 2261; x_wconf 90' lang='grc' dir='ltr'><em>τινές</em></span> <span class='ocrx_word' id='word_1_197' title='bbox 1692 2197 1855 2267; x_wconf 85' lang='grc' dir='ltr'><em>ἐσμεν</em></span> 
     </span>
     <span class='ocr_line' id='line_1_25' title="bbox 170 2285 1856 2358; baseline -0.002 -16"><span class='ocrx_word' id='word_1_198' title='bbox 170 2289 324 2358; x_wconf 80' lang='grc' dir='ltr'><em>ἡμεῖς</em></span> <span class='ocrx_word' id='word_1_199' title='bbox 363 2286 716 2356; x_wconf 84' lang='grc' dir='ltr'><em>συνηγμένοι,</em></span> <span class='ocrx_word' id='word_1_200' title='bbox 755 2286 844 2340; x_wconf 85' lang='grc' dir='ltr'><em>καὶ</em></span> <span class='ocrx_word' id='word_1_201' title='bbox 879 2287 1106 2356; x_wconf 85' lang='grc' dir='ltr'><em>ἐρῶντες</em></span> <span class='ocrx_word' id='word_1_202' title='bbox 1138 2287 1234 2349; x_wconf 85' lang='grc' dir='ltr'><em>οὓς</em></span> <span class='ocrx_word' id='word_1_203' title='bbox 1266 2286 1334 2340; x_wconf 77' lang='grc' dir='ltr'><em>ἂν</em></span> <span class='ocrx_word' id='word_1_204' title='bbox 1366 2287 1497 2355; x_wconf 82' lang='grc' dir='ltr'><em>ἡμῖν</em></span> <span class='ocrx_word' id='word_1_205' title='bbox 1538 2285 1668 2356; x_wconf 80' lang='grc' dir='ltr'><em>δόξῃ</em></span> <span class='ocrx_word' id='word_1_206' title='bbox 1700 2289 1856 2339; x_wconf 92' lang='grc' dir='ltr'><em>παίο-</em></span> 
     </span>
     <span class='ocr_line' id='line_1_26' title="bbox 172 2372 1856 2446; baseline -0.002 -16"><span class='ocrx_word' id='word_1_207' title='bbox 172 2396 273 2446; x_wconf 88' lang='grc' dir='ltr'><em>μεν</em></span> <span class='ocrx_word' id='word_1_208' title='bbox 313 2374 404 2429; x_wconf 86' lang='grc' dir='ltr'><em>καὶ</em></span> <span class='ocrx_word' id='word_1_209' title='bbox 443 2375 719 2445; x_wconf 74' lang='grc' dir='ltr'><em>ἅγχομεν,’</em></span> <span class='ocrx_word' id='word_1_210' title='bbox 762 2372 870 2428; x_wconf 79' lang='grc' dir='ltr'><em>εἷθ’</em></span> <span class='ocrx_word' id='word_1_211' title='bbox 909 2376 1065 2444; x_wconf 84' lang='grc' dir='ltr'><em>ὑμεῖς</em></span> <span class='ocrx_word' id='word_1_212' title='bbox 1097 2375 1420 2444; x_wconf 82' lang='grc' dir='ltr'><em>γελάσαντες</em></span> <span class='ocrx_word' id='word_1_213' title='bbox 1460 2374 1716 2444; x_wconf 82' lang='grc' dir='ltr'><em>ἀφήσετε;</em></span> <span class='ocrx_word' id='word_1_214' title='bbox 1757 2373 1856 2427; x_wconf 84' lang='grc' dir='ltr'><em>οὐκ</em></span> 
     </span>
     <span class='ocr_line' id='line_1_27' title="bbox 174 2459 1861 2533; baseline -0.002 -16"><span class='ocrx_word' id='word_1_215' title='bbox 174 2467 363 2533; x_wconf 76' lang='grc' dir='ltr'><em>οἴομαί</em></span> <span class='ocrx_word' id='word_1_216' title='bbox 402 2483 478 2533; x_wconf 87' lang='grc' dir='ltr'><em>γε.</em></span> <span class='ocrx_word' id='word_1_217' title='bbox 548 2463 614 2517; x_wconf 86' lang='grc' dir='ltr'><em>οὐ</em></span> <span class='ocrx_word' id='word_1_218' title='bbox 662 2460 765 2532; x_wconf 52' lang='grc' dir='ltr'><em>γὰρ</em></span> <span class='ocrx_word' id='word_1_219' title='bbox 813 2462 882 2516; x_wconf 77' lang='grc' dir='ltr'><em>ἂν</em></span> <span class='ocrx_word' id='word_1_220' title='bbox 929 2463 1100 2532; x_wconf 88' lang='grc' dir='ltr'><em>γέλως</em></span> <span class='ocrx_word' id='word_1_221' title='bbox 1145 2463 1300 2532; x_wconf 85' lang='grc' dir='ltr'><em>ὑμῶν</em></span> <span class='ocrx_word' id='word_1_222' title='bbox 1348 2459 1496 2531; x_wconf 83' lang='grc' dir='ltr'><em>ἔλαβ’</em></span> <span class='ocrx_word' id='word_1_223' title='bbox 1543 2460 1771 2529; x_wconf 86' lang='grc' dir='ltr'><em>οὐδένα,</em></span> <span class='ocrx_word' id='word_1_224' title='bbox 1812 2463 1861 2513; x_wconf 86' lang='grc' dir='ltr'><em>εί</em></span> 
     </span>
     <span class='ocr_line' id='line_1_28' title="bbox 173 2539 1859 2621; baseline -0.002 -16"><span class='ocrx_word' id='word_1_225' title='bbox 173 2553 363 2621; x_wconf 80' lang='grc' dir='ltr'><em>παρὼν</em></span> <span class='ocrx_word' id='word_1_226' title='bbox 411 2539 549 2621; x_wconf 51' lang='lat' dir='ltr'><em>§mm</em></span> <span class='ocrx_word' id='word_1_227' title='bbox 614 2571 733 2619; x_wconf 63' lang='lat' dir='ltr'><em>sev,</em></span> <span class='ocrx_word' id='word_1_228' title='bbox 779 2548 920 2621; x_wconf 81' lang='grc' dir='ltr'><em>ἡνίχ’</em></span> <span class='ocrx_word' id='word_1_229' title='bbox 976 2552 1235 2620; x_wconf 82' lang='grc' dir='ltr'><em>εἱλκόμην</em></span> <span class='ocrx_word' id='word_1_230' title='bbox 1282 2548 1371 2603; x_wconf 88' lang='grc' dir='ltr'><em>καὶ</em></span> <span class='ocrx_word' id='word_1_231' title='bbox 1422 2550 1722 2618; x_wconf 80' lang='grc' dir='ltr'><em>ἐξεδυόμην</em></span> <span class='ocrx_word' id='word_1_232' title='bbox 1768 2547 1859 2601; x_wconf 82' lang='grc' dir='ltr'><em>καὶ</em></span> 
     </span>
     <span class='ocr_line' id='line_1_29' title="bbox 173 2624 1859 2709; baseline -0.002 -16"><span class='ocrx_word' id='word_1_233' title='bbox 173 2640 496 2709; x_wconf 76' lang='grc' dir='ltr'><em>ὑβριζόμην,</em></span> <span class='ocrx_word' id='word_1_234' title='bbox 524 2624 624 2693; x_wconf 56' lang='grc' dir='ltr'><em>’καὶ</em></span> <span class='ocrx_word' id='word_1_235' title='bbox 663 2639 821 2708; x_wconf 86' lang='grc' dir='ltr'><em>ὑγιὴς</em></span> <span class='ocrx_word' id='word_1_236' title='bbox 863 2639 1102 2702; x_wconf 78' lang='grc' dir='ltr'><em>ἐξελθὼν</em></span> <span class='ocrx_word' id='word_1_237' title='bbox 1143 2640 1395 2709; x_wconf 81' lang='grc' dir='ltr'><em>φοράδην</em></span> <span class='ocrx_word' id='word_1_238' title='bbox 1434 2635 1614 2706; x_wconf 74' lang='grc' dir='ltr'><em>ἦλθον</em></span> <span class='ocrx_word' id='word_1_239' title='bbox 1654 2639 1859 2703; x_wconf 71' lang='grc' dir='ltr'><em>οἴκαδε,</em></span> 
     </span>
     <span class='ocr_line' id='line_1_30' title="bbox 177 2721 1857 2795; baseline -0.001 -17"><span class='ocrx_word' id='word_1_240' title='bbox 177 2721 559 2795; x_wconf 82' lang='grc' dir='ltr'><em>ἐξεπεπηδήκει</em></span> <span class='ocrx_word' id='word_1_241' title='bbox 612 2722 672 2779; x_wconf 74' lang='grc' dir='ltr'><em>δὲ</em></span> <span class='ocrx_word' id='word_1_242' title='bbox 725 2726 880 2794; x_wconf 83' lang='grc' dir='ltr'><em>[μετὰ</em></span> <span class='ocrx_word' id='word_1_243' title='bbox 931 2724 1120 2793; x_wconf 78' lang='grc' dir='ltr'><em>ταῦθ’]</em></span> <span class='ocrx_word' id='word_1_244' title='bbox 1173 2726 1205 2794; x_wconf 80' lang='grc' dir='ltr'><em>ἡ</em></span> <span class='ocrx_word' id='word_1_245' title='bbox 1259 2729 1458 2795; x_wconf 84' lang='grc' dir='ltr'><em>μήτηρ,</em></span> <span class='ocrx_word' id='word_1_246' title='bbox 1509 2723 1598 2778; x_wconf 88' lang='grc' dir='ltr'><em>καὶ</em></span> <span class='ocrx_word' id='word_1_247' title='bbox 1648 2726 1857 2793; x_wconf 85' lang='grc' dir='ltr'><em>κραυγὴ</em></span> 
     </span>
     <span class='ocr_line' id='line_1_31' title="bbox 175 2809 1859 2883; baseline -0.001 -17"><span class='ocrx_word' id='word_1_248' title='bbox 175 2812 266 2866; x_wconf 85' lang='grc' dir='ltr'><em>καὶ</em></span> <span class='ocrx_word' id='word_1_249' title='bbox 311 2815 414 2882; x_wconf 86' lang='grc' dir='ltr'><em>βοὴ</em></span> <span class='ocrx_word' id='word_1_250' title='bbox 461 2822 570 2866; x_wconf 82' lang='grc' dir='ltr'><em>τῶν</em></span> <span class='ocrx_word' id='word_1_251' title='bbox 610 2823 887 2882; x_wconf 84' lang='grc' dir='ltr'><em>γυναικῶν</em></span> <span class='ocrx_word' id='word_1_252' title='bbox 925 2815 1159 2883; x_wconf 88' lang='grc' dir='ltr'><em>τοσαύτη</em></span> <span class='ocrx_word' id='word_1_253' title='bbox 1199 2811 1324 2883; x_wconf 86' lang='grc' dir='ltr'><em>παρ’</em></span> <span class='ocrx_word' id='word_1_254' title='bbox 1365 2814 1497 2882; x_wconf 81' lang='grc' dir='ltr'><em>ἡμῖν</em></span> <span class='ocrx_word' id='word_1_255' title='bbox 1535 2809 1605 2882; x_wconf 79' lang='grc' dir='ltr'><em>ἧν</em></span> <span class='ocrx_word' id='word_1_256' title='bbox 1653 2813 1859 2881; x_wconf 86' lang='grc' dir='ltr'><em>ὡσπερ-</em></span> 
     </span>
     <span class='ocr_line' id='line_1_32' title="bbox 176 2899 1857 2970; baseline -0.001 -16"><span class='ocrx_word' id='word_1_257' title='bbox 176 2899 296 2955; x_wconf 77' lang='grc' dir='ltr'><em>ανεὶ</em></span> <span class='ocrx_word' id='word_1_258' title='bbox 346 2904 646 2965; x_wconf 85' lang='grc' dir='ltr'><em>τεθνεῶτός</em></span> <span class='ocrx_word' id='word_1_259' title='bbox 688 2922 865 2970; x_wconf 86' lang='grc' dir='ltr'><em>τινος,</em></span> <span class='ocrx_word' id='word_1_260' title='bbox 912 2903 1046 2955; x_wconf 85' lang='grc' dir='ltr'><em>ὥστε</em></span> <span class='ocrx_word' id='word_1_261' title='bbox 1086 2911 1194 2955; x_wconf 84' lang='grc' dir='ltr'><em>τῶν</em></span> <span class='ocrx_word' id='word_1_262' title='bbox 1234 2904 1498 2970; x_wconf 88' lang='grc' dir='ltr'><em>γειτόνων</em></span> <span class='ocrx_word' id='word_1_263' title='bbox 1537 2901 1689 2964; x_wconf 79' lang='grc' dir='ltr'><em>τινας</em></span> <span class='ocrx_word' id='word_1_264' title='bbox 1726 2900 1857 2964; x_wconf 85' lang='grc' dir='ltr'><em>πέμ-</em></span> 
     </span>
    </p>
   </div>
  </div>
 </body>
</html>
