2035 3158
126 134 232 187 102
329 163 333 166 -
608 135 788 177 XLVII.
810 129 1336 191 ·[ΔΗΜοΣΘΕΝοΤΣ]

123 271 382 337 βαίνωσι,
408 269 716 335 διαθηκῶν
764 261 825 319 δὲ
872 265 955 320 οὔ.
1033 265 1232 318 τούτου
1283 263 1387 333 γὰρ
1436 261 1596 317 ἕνεκα
1644 281 1807 316 κατα-

127 359 409 409 λείπουσιν
453 355 512 410 οἰ
554 351 959 422 διατιθέμενοι,
1011 352 1104 404 ἵνα
1150 350 1340 420 μηδεὶς
1382 350 1502 420 εἰδῇ
1550 349 1583 403 ἃ
1636 350 1807 402 διατί-

124 449 332 497 θενται.
409 452 523 505 πῶς
561 438 664 496 οὖν
710 440 864 509 ὑμεῖς
911 445 1021 493 ἴστε
1071 439 1153 492 ὅτι
1194 438 1504 508 ἀντίγραφά
1543 437 1658 491 ἐστι
1695 445 1807 490 τῶν

127 532 410 601 διαθηκῶν
459 540 569 583 τῶν
620 531 912 590 Πασίωνος
964 527 1029 579 τὰ
1081 526 1141 580 ἐν
1194 533 1269 599 τῷ
1326 527 1670 598 γραμματείῳ
1719 543 1808 593 γε-

128 617 431 688 νραμμένα;
1734 675 1749 691 ‚

239 705 450 775 Δέομαι
489 702 592 761 οὖν
628 705 784 774 ὑμῶν
817 703 1073 757 ἁπάντων
1113 699 1155 756 ὦ
1194 703 1391 771 ἄνδρες
1429 699 1678 755 δικασταὶ
1715 698 1804 754 καὶ

130 795 350 847 ἱκετεύω
375 797 649 863 βοηθῆσαι
673 789 774 861 μὲν
807 791 945 860 ε’μοί,
985 792 1402 860 τιμωρήσασθαι
1428 785 1489 843 δὲ
1511 791 1640 853 τοὺς
1670 786 1807 843 ἑτοί-

128 902 242 951 μως
273 882 444 944 οὕτως
475 882 539 935 τὰ
569 882 746 949 ψευδῆ
779 887 1209 949 μαρτυροῦντας,
1247 876 1384 947 ὑπέρ
1423 897 1480 931 τε
1518 877 1675 946 ὑμῶν
1713 876 1809 930 αὐ-

129 978 239 1022 τῶν
277 967 367 1022 καὶ
408 968 541 1038 ἐμοῦ
580 967 670 1021 καὶ
708 975 807 1021 τοῦ
848 968 1065 1021 δικαίου
1104 964 1196 1019 καὶ
1234 975 1344 1019 τῶν
1383 968 1585 1034 νόμων.

861 1215 1083 1268 XLVII.

192 1336 427 1397 ΚΑΤΑ
471 1332 870 1395 ETEPFOT
913 1333 1072 1393 ΚΑΙ
1114 1330 1757 1393 ΜΝΗΣΙΒΟΤΛΟΤ

559 1423 1373 1485 ΨΕΤΔΟΜΑΡἸῪΡΙῼΝ.
1829 1451 1946 1492 1138
1972 1464 1978 1479 2

806 1581 1137 1623 ΤΠΟΘΕΣΙΣ.

237 1686 593 1758 ’.Ε’Λτειγομένων
639 1684 922 1754 Ἀθηναίων
974 1688 1042 1748 εἰς
1081 1689 1329 1754 στρατείαν
1377 1685 1616 1752 ναυτικὴν
1660 1685 1812 1738 ἐνέδει

132 1772 278 1837 σκεύη
310 1771 545 1839 τριηρικά.
607 1769 689 1821 καὶ
717 1771 952 1837 γράφεται
982 1768 1236 1834 ψήφισμα,
1267 1768 1386 1818 κατὰ
1418 1769 1560 1834 τάχος
1589 1767 1811 1835 εἰσπράτ-

131 1871 231 1903 τειν
279 1852 394 1912 τοὺς
449 1849 733 1916 ὀφείλοντας
787 1851 935 1914 σκεύη
986 1848 1206 1916 τριηρικὰ
1257 1858 1316 1920 τῇ
1367 1849 1523 1900 πόλει·
1577 1843 1713 1899 οὗτοι
1761 1843 1808 1898 δ’

133 1927 259 1999 ἦσαν
303 1940 400 1982 τῶν
447 1931 915 1998 τετριηραρχηκότων
964 1928 1103 1990 τινές.
1163 1928 1308 1990 ἄλλος
1357 1928 1446 1994 μὲν
1495 1923 1587 1980 οὖν
1635 1927 1812 1990 ἄλλους

131 2014 430 2080 εἰσπράττειν
475 2011 680 2078 ἐτάχθη,
727 2011 753 2063 ὁ
799 2009 852 2062 δὲ
895 2019 992 2062 νῦν
1035 2011 1120 2061 τὸν
1167 2010 1314 2077 λόγον
1352 2010 1503 2078 λέγων
1546 2011 1813 2077 Θεόφημον

131 2093 214 2145 καὶ
262 2094 575 2160 Δημοχάρην.
645 2082 986 2159 ἀγνωμονοῦσι
1036 2087 1083 2142 δ’
1137 2091 1302 2152 αὐτοῖς
1353 2092 1498 2157 δίκην
1546 2091 1680 2159 ἔλαχε
1732 2092 1814 2143 καὶ

132 2171 240 2225 εἷλε.
298 2173 380 2224 καὶ
419 2173 444 2225 ὅ
484 2172 571 2239 μὲν
603 2173 898 2239 Δημοχάρης
935 2170 1260 2237 ἀποδέδωκεν,
1301 2171 1325 2222 ὃ
1358 2170 1410 2222 δὲ
1445 2172 1707 2238 Θεόφημος
1746 2172 1815 2223 ἔτι

91 2276 112 2308 2
135 2255 524 2321 μεθοδευόμενος
556 2248 634 2320 ἦν.
694 2252 1050 2318 ψηφισαμένης
1080 2251 1133 2303 δὲ
1162 2261 1250 2318 τῆς
1288 2255 1471 2319 βουλῆς
1510 2253 1603 2324 ὅτῳ
1641 2272 1712 2314 τις
1749 2252 1813 2304 ἂν

133 2337 339 2400 δύνηται
390 2335 550 2405 τρόπῳ
597 2334 710 2394 τοὺς
757 2332 1040 2398 ὀφείλοντας
1079 2333 1403 2399 εἰσπράττειν,
1451 2327 1570 2398 ἧκεν
1608 2332 1687 2384 ε’πὶ
1723 2333 1814 2399 τὴν

133 2417 293 2467 οἰκίαν
322 2423 409 2466 τοῦ
445 2415 712 2479 Θεοφήμου
752 2410 894 2475 οὗτος
926 2413 952 2465 ὁ
990 2423 1085 2465 νῦν
1124 2415 1451 2480 δικαζόμενος.
1513 2414 1567 2465 ἐκ
1605 2409 1652 2465 δ’
1693 2413 1813 2478 ἅψι-

134 2499 306 2568 μαχίας
334 2496 522 2563 πληγὰς
555 2495 781 2560 ἀλλήλοις
812 2494 1070 2560 ἐνέτειναν,
1107 2494 1190 2545 καὶ
1220 2496 1406 2556 αἰκείας
1442 2490 1549 2546 κατ’
1592 2494 1813 2560 ἀλλήλων

134 2579 272 2638 δίκας
316 2576 622 2643 ἀπήνεγκαν,
669 2575 890 2642 ἑκάτερος
938 2577 1143 2639 φάσκων
1188 2576 1274 2626 τὸν
1321 2575 1481 2643 ἕτερον
1525 2574 1668 2642 ἄρξαι
1715 2584 1813 2626 τῶν

133 2663 353 2725 πληγῶν·
401 2665 541 2708 τοῦτο
579 2656 670 2724 γὰρ
711 2650 775 2722 ἧν
811 2654 843 2721 ἡ
883 2656 1054 2726 αἴκεια,
1113 2656 1345 2724 πρότερος
1383 2649 1475 2707 οὖν
1512 2655 1748 2708 εἰσελθὼν
1787 2656 1813 2708 ὅ

139 2738 400 2803 Θεόφημος
444 2736 703 2804 παρέσχετο
750 2737 992 2803 μάρτυρας
1037 2735 1261 2804 Εὔεργον
1305 2736 1388 2787 καὶ
1432 2738 1813 2804 Μνησίβουλον,

89 2832 110 2864 3
135 2818 219 2869 τὸν
250 2816 338 2884 μὲν
369 2817 583 2882 ἀδελφὸν
615 2812 728 2868 ὄνθ’
764 2817 957 2883 ἑαυτοῦ,
994 2816 1079 2867 τὸν
1111 2815 1163 2867 δὲ
1191 2817 1446 2884 κηδεστήν.
1509 2818 1561 2868 οἵ
1587 2813 1634 2868 δ’
1668 2816 1813 2885 ἔμαρ-
1871 2808 1873 2810 ’

134 2899 366 2967 τύρησαν,
398 2898 470 2948 ὅτι
499 2898 761 2963 Θεόφημος
792 2895 881 2964 μὲν
911 2896 1134 2964 ἐβούλετο
1163 2898 1471 2966 παραδοῦναι
1493 2897 1583 2964 τήν
1615 2896 1812 2967 ἅνθρω-
