2035 3158
221 182 298 234 64
694 181 849 222 XLIV.
894 178 1294 237 [ΔΗΜΟΣΘΕΝΟ
1301 179 1403 237 ΤΣ]

156 331 203 363 τι
331 313 492 368 Ἀλλὰ
523 315 632 382 μὴν
665 311 753 366 καὶ
783 313 1124 381 πρεσβύτερά
1163 332 1224 381 γε
1262 311 1433 365 αὑτοῦ
1473 313 1907 382 διαμεμαρτύρτμ

224 421 334 455 κεν.
396 401 426 456 ὁ
466 401 570 469 γὰρ
609 403 768 470 μήπω
817 399 876 453 ἐν
927 406 1001 470 τῷ
1043 405 1175 471 οἴκῳ
1213 407 1287 470 τῷ
1323 397 1614 468 Ἀρχιάδου
1654 400 1760 466 ὥν,
1807 398 1897 452 ὅθ

224 491 255 558 ἡ
298 487 445 558 λῆξις
495 489 630 557 αὕτη
681 496 780 542 τοῦ
829 490 1033 556 κλήρου
1085 485 1327 555 ἐγένετο,
1371 497 1484 549 πῶς
1531 486 1600 540 ἂν
1648 488 1817 556 εἰδείη
1855 508 1906 540 τι

224 578 458 639 τούτων;
500 573 662 629 ἔπειτ’
703 577 753 629 εἰ
781 572 883 644 μὲν
915 574 1083 628 αὑτὸν
1115 576 1617 644 διεμεμαρτυρήκει,
1654 571 1800 644 εἶχεν
1837 574 1906 628 ἂν

227 667 393 733 λόγον
433 664 578 736 αὐτῷ
620 665 680 717 τὸ
721 671 963 731 πρᾶγμα·
1012 662 1213 725 ἀδίκως
1251 660 1352 731 μὲν
1393 662 1461 715 ἂν
1502 666 1768 732 ἔγραφεν,
1815 661 1907 715 οὐ-

223 750 322 806 δὲν
377 749 427 806 δ’
483 747 644 820 ἧττον
689 747 827 819 ὑπὲρ
882 759 980 804 τοῦ
1037 750 1170 803 κατὰ
1225 751 1324 818 τὴν
1371 749 1587 818 ἡλικίαν
1637 747 1687 819 γ’
1733 751 1906 812 ὄντος.

225 849 331 893 νῦν
386 836 446 893 δὲ
501 843 761 908 γνησίους
815 839 973 900 υἱοὺς
1022 837 1259 907 γέγραφε
1307 845 1379 910 τῷ
1422 836 1677 908 Ἀρχιάδῃ
1718 837 1907 910 ἐκείνῳ

223 925 387 995 εἶναι,
425 930 521 981 τόν
553 947 606 980 τε
641 927 811 980 αὑτοῦ
843 924 1045 994 πατέρα
1079 927 1336 994 δηλονότι
1372 924 1460 979 καὶ
1499 929 1594 979 τὸν
1633 927 1767 978 κατὰ
1804 926 1906 993 τὴν

225 1015 281 1080 ἐξ
307 1015 473 1084 ἀρχῆς
504 1019 745 1083 ποιήσιν,
785 1014 885 1068 οὐκ
911 1013 1357 1082 ἐπιλογισάμενος
1388 1014 1470 1067 ὅτι
1503 1014 1907 1083 ἐπανεληλυθό-

228 1123 313 1167 τες
351 1100 504 1172 ἦσαν.
568 1103 772 1157 οὐκοῦν
820 1101 1025 1170 ἀνάγκη
1078 1100 1445 1171 πρεσβυτέρας
1482 1101 1701 1170 πράξεις,-
1738 1101 1906 1155 αὐτὸν

229 1190 317 1245 καὶ
364 1193 435 1261 μὴ
483 1192 576 1253 τὰς
624 1188 707 1258 ἐφ’
757 1188 954 1243 ἑαυτοῦ
1002 1190 1366 1258 γεγενημένας
1415 1189 1906 1259 διαμεμαρτυρηκέ-

229 1300 334 1333 ναι.
398 1276 508 1333 ενθ·’
554 1278 708 1346 ὑμεῖς
755 1285 827 1349 τῷ
879 1285 1039 1331 τοῦτο
1088 1280 1436 1346 τετολμηκότι
1485 1278 1796 1330 πιστεύσετε
1837 1273 2035 1356 ὡς’θῡξ

163 1366 411 1436 τεάληθῆ
453 1366 691 1435 λέγοντι;
741 1368 807 1435 νὴ
850 1363 945 1418 Δί’
958 1406 971 1430 ,
1010 1363 1128 1418 ἀλ.’λ
1175 1365 1418 1434 ἀκηκοὼς
1464 1373 1563 1418 τοῦ
1602 1365 1773 1418 αὑτοῦ
1811 1383 1910 1418 πα·
2022 1369 2035 1444 “j

228 1458 354 1524 τρὸς
401 1455 920 1524 διαμεμαρτύρηκεν.
986 1453 1013 1506 ὁ
1056 1451 1120 1505 δέ
1165 1473 1223 1520 γε
1272 1456 1439 1522 νόμος
1485 1453 1657 1521 ἀκοὴν
1698 1453 1911 1521 (πλὴν)
2029 1476 2035 1524 q

229 1552 339 1596 τῶν
399 1544 860 1610 τετελευτηκότων
931 1541 1129 1593 κωλύει
1206 1541 1560 1609 <μαρτυρεῖν·
1631 1537 1790 1604 οὗτος
1851 1537 1909 1593 δὲ
2030 1526 2035 1583 3

229 1631 557 1699 τετόλμηκε>
611 1630 1004 1698 διαμαρτυρεῖν
1054 1631 1250 1692 ζῶντος
1307 1636 1403 1682 τοῦ
1459 1630 1659 1698 πατρὸς
1704 1629 1768 1681 τὰ
1813 1626 1905 1681 ὑπ’
2024 1593 2035 1697 1

230 1719 444 1772 ἐκείνου
486 1716 821 1787 πραχθέντα·
872 1715 986 1770 ἐπεὶ
1034 1716 1269 1770 κάκεῖνο.
1342 1717 1433 1769 διὰ
1480 1720 1535 1768 τί
1582 1735 1711 1770 ποτε
1762 1718 1912 1770 Λεώ-
2028 1699 2035 1755 Ῑ

232 1821 460 1875 στρατος
537 1803 726 1858 οὑτοσὶ
794 1804 893 1874 οὐχ
962 1804 1168 1870 αὑτὸν,
1222 1804 1359 1856 ἀλλὰ
1423 1812 1619 1858 τοῦτον
1691 1804 1915 1873 ἐπεγρά-
2030 1799 2035 1820 ’

233 1906 373 1959 ψατο
424 1901 486 1963 τῇ
539 1894 924 1963 διαμαρτυρίας
979 1894 1042 1944 τὰ
1092 1893 1194 1961 γὰρ
1235 1893 1574 1961 πρεσβύτερα
1622 1902 1731 1946 τῶν
1780 1911 1914 1962 πρα-

232 1983 455 2050 γμάτων
502 1983 598 2035 τὸν
645 1983 1019 2050 πρεσβύτερον
1068 1983 1178 2034 ἔδει
1236 1983 1640 2049 διαμαρτυρεῖν.
1710 1981 1793 2034 ὅτι
1845 1982 1914 2049 νὴ

236 2073 316 2123 Δί
326 2069 360 2135 ”,
399 2069 468 2122 ἂν
515 2075 685 2137 εἴποι,
732 2077 929 2123 τοῦτον
980 2071 1332 2137 εἰσπεποίηκα
1370 2069 1496 2122 υἱὸν
1536 2075 1608 2140 τῷ
1645 2066 1916 2139 Ἀρχιάδῃ.

166 2175 211 2208 se
237 2157 441 2211 οὐκοῦν
503 2154 563 2210 σε
623 2160 721 2211 τὸν
783 2159 1134 2211 εἰσποιοῦντα
1187 2155 1277 2209 καὶ
1331 2156 1793 2221 κατασκευάζοντα
1853 2157 1918 2208 τὰ

235 2245 521 2315 πράγματα
562 2243 652 2297 καὶ
694 2248 862 2313 λόγον
904 2247 1015 2298 ἔδει
1058 2246 1295 2309 διδόναι,
1335 2246 1634 2312 γενόμενον
1674 2243 1918 2297 ὑπεύθυ-

235 2353 337 2387 νον
377 2328 453 2385 ὧν
492 2337 808 2401 πεποίηκας·
850 2335 1022 2400 πολλή
1064 2331 1110 2400 γ’
1151 2331 1376 2400 ἀνάγκη.
1439 2331 1575 2384 ἀλλὰ
1615 2340 1775 2385 τοῦτο
1814 2330 1914 2399 μὲν

207 2424 464 2490 γέφυγες,
514 2428 576 2489 τῇ
632 2423 995 2491 διαμαρτυρίᾳ
1048 2416 1107 2473 δὲ
1153 2428 1350 2473 τοῦτον
1396 2422 1494 2473 τὸν
1545 2416 1710 2472 οὐδὲν
1748 2415 1912 2472 εἰδότ’

237 2508 541 2577 ἐπεγράψω.
620 2509 757 2561 ὥστε
797 2510 1043 2578 φανερὸν
1094 2508 1226 2576 ὑμῖν
1268 2508 1414 2560 ἐστιν
1453 2503 1496 2559 ὦ
1536 2509 1733 2574 ἄνδρες
1771 2509 1921 2560 δικα-

235 2599 385 2663 σταί,
432 2597 496 2649 τὰ
546 2596 1060 2663 διαμαρτυρούμενα
1099 2596 1172 2663 μὴ
1227 2590 1368 2647 εἶναι
1409 2593 1614 2662 ἀληθῆ,
1663 2591 1749 2646 καὶ
1788 2594 1913 2658 παρ’

237 2685 424 2746 αὐτοῖς
448 2702 506 2751 γε
533 2684 747 2745 τούτοις
779 2683 1137 2750 ὁμολογεῖται.
1202 2680 1290 2734 καὶ
1315 2683 1423 2750 μὴν
1457 2681 1673 2734 κάκεῖνο
1708 2682 1922 2734 δίκαιόν

239 2773 383 2839 ε’στι,
438 2772 510 2839 μὴ
568 2769 821 2838 λέγοντος
872 2768 1063 2820 αὐτίκα
1111 2765 1238 2836 μάλ’
1294 2766 1515 2820 ἀκούειν
1563 2767 1923 2835 Λεωστράτου

242 2863 491 2926 τουτουί,
530 2855 666 2926 ὑπὲρ
709 2853 786 2910 ὧν
826 2877 885 2925 γε
927 2858 1358 2926 διαμαρτυρῆσαι
1399 2854 1499 2907 οὐκ
1539 2854 1848 2924 ἐτόλμησεν.

177 2962 219 2996 57
350 2945 440 3009 Ὡς
489 2943 547 2999 δὲ
597 2945 685 2998 καὶ
733 2954 841 2997 τῶν
890 2943 1121 3011 ἀγώνων
1169 2942 1489 2996 ἀδικώτατοι
1536 2939 1623 2994 καὶ
1673 2944 1926 3008 πλείστης

2030 1930 2035 1987 ἓ

2030 1991 2035 2004 J
