2035 3158
70 284 91 312 4

73 896 93 927 5

121 136 227 185 104
612 137 788 177 XLVII.
833 134 1334 190 [AHMOLGOENOTXJ

226 267 484 319 όΜάλιστα
537 264 638 335 μὲν
692 262 794 319 οὖν
849 265 918 318 ἂν
968 269 1285 335 ἠβουλόμην
1341 267 1413 334 μὴ
1466 269 1608 335 ἔχειν
1658 264 1794 333 πρά-

116 371 311 421 γματα·
362 355 412 405 εἰ
457 352 505 406 δ’
554 350 656 406 οὖν
703 353 996 421 ἀναγκάζοι
1044 375 1148 421 τις,
1194 354 1330 422 πρὸς
1366 354 1650 415 τοιούτους
1686 352 1794 420 ἡδύ

116 440 262 492 ἐστιν
310 439 570 508 εἰσιέναι,
631 444 685 494 οἳ
739 442 810 510 μὴ
868 440 1105 509 ἀγνῶτές
1158 443 1297 494 εἰσιν
1351 441 1499 510 ὑμῖν.
1580 449 1686 494 νῦν
1732 437 1793 493 δὲ

114 533 316 581 πλείων
365 550 455 597 μοι
510 531 670 596 λόγος
714 532 863 582 ἔσται
919 528 1253 599 ἐξελέγχοντι
1298 530 1394 582 τὸν
1444 531 1648 598 τρόπον
1698 528 1793 584 αὐ-

115 626 253 678 τῶν,
309 616 336 684 ἢ
378 618 475 684 τὴν
531 619 833 686 μαρτυρίαν
884 618 1060 685 ψευδῆ
1109 612 1297 669 οὖσαν.
1373 615 1496 686 περὶ
1542 613 1642 684 μὲν
1689 616 1795 684 γὰρ

115 712 207 770 τῆς
247 694 570 772 μαρτυρίας,
618 705 700 757 ὅτι
740 705 919 772 ψευδῆ
959 706 1465 773 μεμαρτυρήκασιν,
1509 704 1668 756 αὐτοί
1702 723 1794 772 μοι

116 792 376 844 δοκοῦσιν
417 794 557 863 ἔργῳ
612 790 912 861 ἐξελέγχειν
953 791 1178 858 αὐτούς,
1224 790 1313 844 καὶ
1354 791 1453 845 οὐκ
1492 793 1693 853 ἄλλους
1730 811 1796 860 με

118 881 205 932 δεῖ
232 880 508 948 μάρτυρας
538 879 918 950 παρασχέσθαι
954 880 984 947 ἢ
1019 880 1217 941 αὐτοὺς
1249 882 1497 941 τούτους·
1538 879 1660 943 ἐξὸν
1693 879 1796 947 γὰρ

115 966 299 1028 αὐτοῖς
337 966 684 1036 ἀπηλλάχθαι
724 969 1057 1035 πραγμάτων
1089 967 1177 1020 καὶ
1203 970 1274 1036 μὴ
1302 969 1649 1021 κινδυνεύειν
1687 970 1797 1021 εἰσ-

117 1057 299 1116 ιόντας
343 1056 419 1116 εἰς
461 1054 618 1123 ὑμᾶς,
658 1057 799 1127 ἔργῳ
845 1057 1250 1124 βεβαιώσαντας
1289 1057 1360 1119 ὡς
1399 1056 1610 1126 ἀληθής
1649 1055 1798 1109 ἐστιν

120 1140 148 1208 ἡ
188 1145 484 1210 μαρτυρία,
535 1142 635 1195 οὐκ
687 1143 990 1211 ἠθελήκασι
1041 1145 1384 1208 παραδοῦναι
1432 1144 1532 1212 τὴν
1579 1145 1799 1213 ἅνθρω-

115 1248 248 1297 πον,
295 1229 365 1297 ἣν
405 1233 846 1298 μεμαρτυρήκασι
885 1229 1331 1299 προκαλέσασθαι
1370 1232 1507 1300 πρὸς
1544 1239 1617 1302 τῷ
1659 1233 1800 1284 διαι-

117 1325 244 1386 τητῇ
284 1319 615 1389 Πυθοδώρῳ
657 1317 714 1370 ἐκ
749 1319 951 1384 Κηδῶν
990 1319 1356 1386 παραδιδόναι
1397 1317 1616 1387 ἕτοιμον
1655 1315 1799 1372 εἶναι

119 1407 432 1474 Θεόφημον,
471 1404 661 1472 ἠξίουν
703 1403 751 1458 δ’
800 1404 904 1472 ἐγὼ
944 1406 1426 1475 παραλαμβάνειν,
1463 1406 1536 1469 ὡς
1574 1408 1632 1461 οἱ
1666 1408 1800 1477 μάρ-

117 1512 273 1559 τυρες
310 1493 443 1562 ὑμῖν
483 1493 540 1546 oc
572 1495 692 1546 τότε
732 1495 1167 1561 παραγενόμενοι
1207 1493 1584 1563 ἐμαρτύρησαν
1627 1495 1685 1548 ἐν
1724 1503 1798 1568 τῷ

119 1581 468 1653 δικαστηρίῳ,
507 1579 598 1633 καὶ
635 1578 762 1633 νυνὶ
804 1576 864 1632 δὲ
904 1582 1329 1649 μαρτυρήσουσι.
1391 1580 1480 1634 καὶ
1514 1585 1802 1653 Θεόφημος

119 1669 302 1730 αὐτοῖς
335 1669 406 1731 ὡς
438 1668 618 1736 ἀληθῆ
643 1670 1119 1737 μεμαρτυρηκόσιν
1152 1667 1252 1720 οὐκ
1284 1666 1642 1739 ἐπεσκήψατο,
1673 1668 1794 1724 οὐδ’

121 1755 454 1826 ἐπεξέρχεται
495 1766 605 1809 τῶν
657 1757 1167 1826 ψευδομαρτυριῶν.
1231 1757 1429 1826 σχεδὸν
1467 1754 1568 1826 μὲν
1608 1754 1711 1812 οὖν
1749 1779 1801 1812 τι

119 1843 207 1896 καὶ
248 1844 409 1897 αὐτοί
442 1864 534 1913 μοι
576 1844 943 1912 ὁμολογοῦσιν
977 1843 1035 1896 ἐν
1067 1851 1130 1913 τῇ
1172 1848 1440 1915 μαρτυρία
1481 1845 1696 1899 ἐθέλειν
1735 1866 1800 1916 με

119 1931 565 2000 παραλαμβάνειν
616 1931 714 1998 τὴν
755 1931 1084 1998 ἄνθρωπον,
1134 1933 1424 2000 Θεόφημον
1466 1930 1526 1986 δὲ
1565 1933 1797 2003 ἀναβάλ·

121 2025 315 2072 λεσθαι
354 2019 625 2086 κελεύειν,
673 2013 763 2086 ἐμὲ
811 2014 871 2069 δὲ
921 2017 1019 2070 οὐκ
1061 2016 1289 2070 ἐθέλειν.
1351 2018 1420 2086 ἢν
1460 2016 1509 2072 δ’
1555 2020 1663 2089 ἐγὼ
1701 2020 1802 2091 μὲν

120 2107 323 2176 ἠξίωσα
358 2109 716 2175 παραλαβεῖν,
758 2108 1045 2174 Θεόφημος
1086 2103 1146 2158 δὲ
1184 2106 1592 2175 προύκαλέσατο
1631 2129 1801 2179 παρα-

121 2174 335 2261 δοῦναι,
375 2195 446 2257 ὡς
478 2191 637 2247 οὗτοί
662 2210 816 2262 φασι,
856 2196 915 2247 τὸ
949 2190 1010 2246 δὲ
1043 2204 1196 2263 σῶμα
1236 2193 1419 2257 οὐδεὶς
1456 2193 1566 2249 εἶδε
1604 2202 1802 2268 παρόν,

121 2284 246 2336 οὔτε
287 2285 404 2335 τότε
437 2284 571 2350 πρὸς
602 2289 674 2352 τῷ
711 2282 956 2349 διαιτητῇ
997 2282 1121 2334 οὔτε
1162 2282 1394 2351 ὕστερον
1432 2285 1568 2352 πρὸς
1605 2293 1678 2357 τῷ
1720 2288 1800 2339 δι-

121 2373 391 2442 καστηρίῳ
433 2367 548 2422 οὔτ’
595 2370 797 2422 ἄλλοθι
839 2368 1086 2436 οὐδαμοῦ
1125 2371 1598 2439 παραδιδόμενον,
1638 2371 1801 2441 ἐμαρ-

121 2459 362 2524 τύρησαν
410 2454 470 2509 δὲ
518 2457 575 2509 οἵ
608 2457 878 2525 μάρτυρες
924 2452 1077 2509 οὗτοι
1125 2457 1197 2518 ὡς
1236 2455 1419 2510 ἐθέλοι
1457 2460 1801 2527 παραδοῦναι

125 2548 410 2613 Θεόφημος
457 2542 544 2595 καὶ
596 2546 898 2610 πρόκλησιν
945 2547 1297 2612 προκαλοῖτο,
1344 2542 1610 2614 ᾠήθησαν
1650 2543 1709 2599 δὲ
1749 2548 1808 2602 οἵ

122 2631 370 2685 δικασταὶ
416 2631 595 2699 ἀληθῆ
637 2628 778 2683 εἶναι
819 2632 920 2699 τὴν
969 2634 1297 2699 μαρτυρίαν,
1344 2634 1573 2700 φεύγειν
1614 2632 1662 2686 δ’
1709 2633 1799 2704 ἐμὲ

122 2722 219 2773 τὸν
266 2722 490 2789 ἔλεγχον
542 2720 637 2772 τὸν
689 2719 746 2771 ἐκ
794 2726 887 2786 τῆς
934 2718 1235 2785 ἀνθρώπου
1282 2718 1404 2787 περὶ
1451 2729 1542 2789 τῆς
1580 2723 1803 2792 αἰκείας,

123 2807 379 2875 ὁπότερος
418 2805 573 2874 ἡμῶν
613 2803 739 2874 ἦρξε
792 2815 989 2874 χειρῶν
1030 2805 1258 2858 ἀδίκων·
1311 2812 1471 2861 τοῦτο
1511 2809 1613 2878 γάρ
1655 2809 1801 2864 ἐστιν

122 2894 155 2961 ἡ
196 2900 393 2946 αἴκεια·
441 2903 553 2955 πῶς
604 2894 703 2946 οὐκ
751 2892 1049 2960 ἀναγκαῖόν
1091 2892 1200 2946 ε’στι
1241 2896 1468 2957 τούτους
1506 2899 1632 2958 τοὺς
1669 2900 1802 2965 μάρ-
