2035 3158
176 144 254 197 86
698 147 830 187 XLV.
878 145 1341 189 ΔΗΜΟΣΘΕΝΟΤΣ

116 295 160 326 62
219 318 221 321 Α
304 281 395 341 Τίς
433 276 501 331 ἂν
539 274 643 332 οὖν
688 275 825 349 ὑπὲρ
876 278 1128 348 τοιαύτης
1152 286 1154 288 ’
1176 280 1349 342 αἰτίας
1387 272 1431 332 ὦ
1470 279 1667 349 ἄνδρες
1711 279 1861 332 δικα-

184 368 324 432 σταί,
363 371 513 435 εἴπερ
554 365 1038 437 ἐπίστευενάὑτῷ,
1079 365 1179 418 οὐκ
1211 365 1429 429 ἐδέξατο
1460 366 1562 434 τὴν
1591 366 1862 435 βάσανον;

184 452 390 505 οὐκοῦν
430 461 501 524 τῷ
543 454 771 523 φεύγειν
809 454 909 521 τὴν
948 453 1221 521 βάσανον,
1267 451 1620 524 ὑφῃρημένος
1657 451 1862 521 ἐξελέγ-

182 559 345 609 χεται.
416 536 500 609 ἆρ’
557 535 659 593 οὖν
706 539 774 592 ἂν
821 539 952 608 ὑμῖν
1008 541 1375 610 αἰσχυνθῆναι
1422 542 1577 594 δοκεῖ
1617 541 1717 610 τὴν
1762 548 1862 594 τοῦ

183 628 247 680 τὰ
283 630 462 697 ψευδῆ
503 636 799 697 μαρτυρεῖν
839 627 1032 696 δόξαν,
1072 627 1100 681 ὁ
1141 629 1239 696 τὴν
1287 637 1385 682 τοῦ
1423 626 1652 697 κλέπτης
1687 635 1862 696 φανῆ-

181 735 273 767 ναι
311 717 385 784 μὴ
425 717 642 784 φυγών;
684 714 716 784 ἢ
751 713 1044 783 δεηθέντος
1077 715 1302 784 ὀκνῆσαι
1341 717 1405 769 τὰ
1444 717 1621 784 ψευδῆ
1659 735 1867 785 μαρτυ--

181 811 318 871 ρεῖν,
359 803 418 866 ὃς
457 803 490 856 ἃ
529 801 719 872 μηδεὶς
757 799 958 856 ἐκέλευ’
1003 802 1297 864 ἐθελοντ-Ῠς
1335 805 1573 872 πονηρὸς
1611 799 1702 871 ἦν;

113 910 156 942 63
295 894 537 953 Δικαίως
575 894 767 944 τοίνυν
807 887 848 943 ὦ
889 891 1088 959 ἄνδρες
1119 888 1406 960 Ἀθηναῖοι
1444 892 1655 945 τούτων
1693 889 1862 944 ἁπάν-

179 998 290 1030 των
322 979 456 1041 δοὺς
487 977 555 1031 ἂν
590 979 766 1046 δίκην,
804 980 945 1030 πολὺ
981 982 1190 1046 μᾶλλον
1223 977 1292 1030 ἂν
1324 981 1543 1052 εἰκότως
1574 979 1665 1032 διὰ
1695 979 1863 1031 τᾶλλα

178 1069 479 1135 κολασθείη
520 1064 647 1133 παρ’
693 1065 841 1133 ὑμῖν.
905 1075 1150 1118 σκοπεῖτε
1195 1063 1271 1129 δὲ,
1311 1068 1409 1120 τὸν
1447 1070 1571 1135 βιόν
1611 1065 1676 1119 ὃν
1714 1068 1861 1135 βεβί-

180 1173 319 1206 ωκεν
368 1154 713 1218 ἐξετάζοντες.
785 1150 945 1216 οὗτος
999 1155 1129 1223 γὰρ,
1185 1154 1344 1222 ἡνίκα
1390 1151 1491 1223 μὲν
1539 1153 1862 1222 συνέβαινεν

178 1242 428 1312 εὐτυχεῖν
454 1240 815 1314 Ἀριστολόχῳ
849 1236 921 1313 τῷ
956 1244 1255 1312 τραπεζίτῃ,
1289 1248 1378 1295 ι”σα
1409 1246 1618 1311 βαίνων
1651 1240 1854 1310 ἐβάδιζ’

180 1329 581 1393 ὑποπεπτωκὼς
621 1330 837 1403 ἐκείνω,
877 1329 964 1382 καὶ
1005 1329 1153 1383 ταῦτ’
1202 1336 1348 1383 ἴσασι
1395 1329 1588 1383 πολλοὶ
1627 1339 1737 1383 τῶν
1776 1329 1862 1384 ἐν·

113 1438 156 1469 64
179 1415 310 1471 θάδ’
350 1419 525 1472 ὄντων
564 1418 735 1487 ὑμῶν.
799 1418 984 1487 ἐπειδὴ
1020 1416 1068 1471 δ’
1106 1415 1334 1471 ἀπώλετ’
1380 1418 1584 1481 ἐκεῖνος
1623 1418 1711 1471 καὶ
1751 1427 1861 1471 τῶν

180 1507 358 1559 ὄντων
398 1505 602 1576 ἐξέστη,
643 1506 742 1577 οὐχ
782 1505 967 1575 ἥκισθ’
1014 1507 1120 1560 ὑπὸ
1168 1508 1367 1560 τούτου
1406 1504 1496 1559 καὶ
1536 1515 1646 1559 τῶν
1684 1506 1862 1560 τοιού-

179 1614 288 1646 των
344 1595 731 1664 διαφορηθείς,
785 1603 858 1666 τςό
924 1591 1025 1664 μὲν
1086 1595 1200 1648 υἱεῖ
1256 1602 1329 1667 τῷ
1393 1595 1591 1647 τούτου
1643 1599 1864 1647 πολλῶν

178 1684 507 1751 πραγμάτων
549 1685 726 1736 ὄντων
766 1683 833 1736 οὐ
863 1681 1099 1751 παρέστη
1140 1684 1373 1750 πώποτε,
1414 1679 1533 1735 οὐδ’
1577 1679 1864 1751 ἑβοήθησ’,

179 1768 298 1823 ἀλλ’
339 1768 623 1840 Ἀπόληξις
663 1769 750 1824 καὶ
793 1774 992 1824 Σόλων
1040 1769 1128 1823 καὶ
1168 1772 1365 1834 πάντες
1404 1771 1692 1839 ἄνθρωποι
1731 1774 1864 1839 μᾶλ-

181 1862 280 1911 λον
310 1862 606 1928 βοηθοῦσι“
645 1862 943 1927 Φορμίωνα
971 1857 1029 1912 δὲ·
1059 1860 1269 1925 [πάλιν]
1299 1857 1536 1929 ἑώρακεν
1569 1856 1659 1911 καὶ
1689 1858 1862 1930 τούτῳ

180 1944 361 2022 γέγον’
409 1949 625 2014 οἰκεῖος,
667 1946 719 2011 ἐξ
755 1945 1068 2015 Ἀθηναίων
1117 1945 1374 2000 ἁπάντων
1415 1954 1613 2000 τοῦτον
1651 1944 1862 2010 ἐκλεξά-

178 2054 367 2103 μενος,
429 2034 519 2087 καὶ
571 2032 708 2103 ὑπὲρ
772 2036 971 2088 τούτου
1033 2036 1366 2104 πρεσβευτὴς
1419 2031 1518 2103 μὲν
1571 2031 1727 2106 ᾤχετ’
1787 2035 1986 2096 εἰςιῑῖι

181 2123 486 2187 Βυζάντιον
532 2123 742 2191 πλέων,
788 2121 931 2191 ἡνίκ’
988 2123 1186 2176 ἐκεῖνοι
1235 2124 1298 2176 τὰ
1344 2128 1508 2176 πλοῖα
1554 2123 1619 2175 τὰ
1664 2124 1863 2177 τούτου
2015 2118 2023 2122 '⁴

179 2210 463 2281 κατέσχον,
493 2212 594 2279 τὴν
627 2208 688 2264 δὲ
722 2212 882 2280 δίκην
917 2214 1103 2278 ἔλεγεν
1134 2212 1234 2279 τὴν
1266 2212 1402 2280 πρὸς
1432 2212 1865 2280 Καλχηδονίους,

179 2299 243 2351 τὰ
287 2299 467 2366 ψευδῆ
518 2296 568 2351 δ’
623 2297 758 2368 ἐμοῦ
812 2309 1064 2369 φανερῶς
1112 2299 1253 2351 οὕτω
1301 2300 1863 2369 καταμεμαρτύρηκεν.

114 2382 288 2439 ῦὸεἶθ’
335 2386 395 2449 ὃς
441 2383 824 2456 εὐτυχούντων
879 2386 991 2440 ἐστὶ
1046 2386 1230 2454 κόλαξ,
1283 2386 1385 2439 κᾶν
1441 2385 1702 2457 ἀτυχῶσι,
1753 2396 1863 2441 τῶν

180 2474 362 2528 αὐτῶν
400 2475 612 2527 τούτων
650 2477 947 2543 προδότης,
986 2473 1076 2527 καὶ
1116 2484 1226 2527 τῶν
1264 2471 1365 2543 μὲν
1404 2476 1586 2528 ἄλλων
1624 2479 1862 2529 πολιτῶν

177 2566 399 2615 πολλῶν
454 2561 543 2614 καὶ
596 2566 778 2614 καλῶν
832 2561 1095 2629 κάγαθῶν
1149 2563 1326 2614 ὄντων
1379 2559 1575 2630 μηδενὶ
1627 2559 1753 2631 μηδ’
1808 2562 1861 2627 ἐξ
1920 2578 1924 2582 “

180 2657 303 2704 ῖσου
343 2658 566 2719 χρῆται,
616 2658 730 2711 τοῖς
783 2646 841 2702 δὲ
893 2650 1163 2724 τοιούτοις
1212 2648 1505 2717 ἐθελοντὴς
1553 2649 1863 2717 ὑποπίπτει,

177 2734 267 2790 καὶ
306 2733 428 2806 μήτ’
473 2742 530 2790 εἴ
560 2757 681 2790 τινα
721 2747 830 2790 τῶν
870 2739 1088 2790 οἰκείων
1134 2736 1411 2805 ἀδικήσει,
1456 2733 1580 2806 μήτ’
1625 2738 1677 2791 εἰ
1717 2738 1863 2808 παρὰ

179 2835 291 2888 τοῖς
344 2826 531 2887 ἄλλοις
580 2825 799 2894 φαύλην
862 2824 1028 2888 δόξαν
1091 2822 1197 2888 ἔξει
1259 2832 1427 2877 ταῦτα
1481 2833 1682 2894 ποιῶν,
1734 2824 1855 2895 μήτ’

178 2914 313 2967 ἄλλο
353 2910 527 2982 μηδὲν
567 2922 775 2977 σκοπεῖ,
813 2913 957 2981 πλὴν
996 2912 1140 2974 ὅπως
1177 2910 1347 2965 πλέον
1388 2910 1521 2980 ἕξει,
1560 2920 1756 2969 τοῦτον
1795 2914 1864 2968 οὐ
