2035 3158
149 146 186 198 6
677 146 794 188 xm.
834 145 1297 188 ΔΗΜΟΣΘΕΝΟΤΣ

151 280 355 342 δύνους
401 279 602 341 αὑτοὺς
647 278 1012 341 καθιστάντας
1058 275 1177 346 ἐμοὶ
1223 288 1551 348 μαρτυρεῖν,
1602 285 1720 334 τότε
1769 277 1822 334 δ’

149 367 218 421 ἂν
269 366 575 436 ὀμόσαντας
624 367 758 420 ἄλλο
808 385 859 419 τι
909 375 1116 434 γνῶναι
1165 364 1288 436 περὶ
1339 365 1536 420 αὐτῶν.
1613 367 1680 421 οὗ
1717 369 1826 436 μην

149 451 266 507 ἀλλ’
304 456 356 507 εἰ
384 452 473 507 καὶ
505 451 678 523 μηδὲν
703 454 913 507 τούτων
945 453 1186 524 ὑπῆρχεν
1217 453 1371 523 ὑμῖν,
1410 450 1530 508 οὐδ’
1568 454 1640 518 ὣς
1671 459 1825 525 χαλε-

146 546 253 596 πόν
285 539 397 595 ἐστι
429 551 637 610 γνῶναι
668 541 791 611 περὶ
824 541 1023 609 αὐτῶν,
1062 541 1313 607 ὁπότεροι
1345 542 1557 613 τάληθῆ
1590 542 1825 612 λέγουσι.

85 653 123 684 ιε
146 628 271 698 περὶ
310 628 411 698 μὲν
443 631 546 697 γὰρ
577 637 670 698 τῆς
701 631 891 696 οἰκίας,
931 631 983 682 εί
1018 627 1190 698 φησὶν
1227 631 1317 682 ὑπ’
1361 629 1494 699 ἐμοῦ
1532 630 1826 685 πεισθέντα

147 719 503 771 Πολύευκτον
533 719 829 788 προστάξαι
871 719 997 780 τοὺς
1036 717 1200 786 ὅρους
1239 726 1430 786 στῆσαι
1470 729 1579 772 τῶν
1617 723 1825 790 χιλίων,

147 803 265 859 ἀλλ’
311 806 378 860 οὐ
419 807 596 875 δήπου
643 804 733 859 καὶ
783 808 911 869 τοὺς
949 806 1226 875 μάρτυρας
1265 809 1450 860 ε’πεισα
1491 802 1533 859 ὦ
1573 810 1826 861 Σπουδία

146 895 323 963 ψευδῆ
362 914 455 963 μοι
493 904 810 964 μαρτυρεῖν,
849 896 976 957 τοὺς
1013 892 1490 963 παραγενομένους
1529 893 1604 948 ὅτ’
1650 895 1827 964 ἠγγύα

146 1003 259 1051 μοι,
297 985 425 1045 τοὺς
462 983 674 1046 εἰδότας
706 983 929 1035 ἔλαττόν
969 1001 1032 1051 με
1074 982 1462 1051 κομισάμενον,
1500 972 1627 1046 τοὺς
1665 983 1828 1038 ἀκού·

149 1090 310 1133 οντας
341 1071 744 1140 ὁμολογοῦντος
777 1070 1018 1139 ὀφείλειν
1052 1069 1248 1139 [έμοί],
1289 1073 1658 1140 συστήσαντος
1695 1071 1827 1125 ἀπο·

149 1160 373 1228 δοῦναι,
423 1161 552 1222 τοὺς
589 1160 650 1213 τὸ
691 1163 1005 1212 τελευταῖον
1044 1168 1159 1221 ταῖς
1198 1147 1490 1227 διαθήκαις
1527 1178 1827 1229 παραγενο-

147 1245 366 1316 μένους·
428 1247 642 1310 τούτοις
703 1248 806 1316 γάρ
873 1247 1074 1300 ἅπασιν
1130 1244 1310 1300 οὐκέτι
1363 1251 1828 1318 καταχαρίσασθαι

148 1331 308 1389 ταῦθ’
367 1333 645 1409 ὑπῆρχεν,
698 1333 835 1388 ἀλλὰ
888 1335 1236 1388 κινδυνεύειν
1291 1343 1400 1388 τῶν
1455 1336 1829 1405 ψευδομαρτυ-
1851 1354 1957 1395 1033
2019 1363 2029 1393 ;4

149 1432 314 1492 ριῶν,
359 1425 410 1476 εί
453 1419 625 1492 μηδὲν
676 1432 784 1476 τῶν
831 1422 1144 1492 γενομένων
1184 1433 1528 1491 μαρτυροῖεν.
1604 1422 1830 1493 ἀφῶμεν

86 1533 122 1564 ιτ
148 1514 339 1566 τοίνυν
375 1508 524 1565 τοῦτ’
563 1512 684 1580 ἤδη.
746 1512 881 1579 πρὸς
922 1509 1099 1564 ἐκεῖνο
1139 1508 1198 1564 δὲ
1240 1514 1295 1564 τί
1329 1510 1398 1564 ἂν
1438 1509 1638 1579 λέγοις;
1678 1510 1827 1581 ἀκρι-

148 1603 258 1669 βῶς
281 1601 385 1669 γὰρ
409 1600 554 1662 ὅπως
578 1597 834 1653 τουτουσὶ
869 1599 1126 1663 διδάξεις·
1168 1601 1219 1652 εί
1242 1596 1301 1652 δὲ
1326 1600 1418 1668 μὴ,
1450 1599 1645 1662 πάντες
1675 1599 1830 1668 ὑμεῖς

149 1684 409 1741 ἀπαιτεῖτ’
452 1688 637 1741 αὐτόν.
699 1688 786 1740 ὅτε
819 1688 922 1755 γὰρ
956 1688 1308 1750 Πολύευκτος
1341 1689 1610 1741 διετίθετο
1643 1697 1829 1757 ταῦτα,

148 1783 328 1846 παρῆν
382 1773 482 1845 μὲν
529 1775 562 1842 ἡ
614 1776 813 1830 τούτου
862 1777 1030 1844 γυνή,
1086 1773 1175 1828 καὶ
1224 1777 1395 1843 δῆλον
1449 1775 1532 1828 ὅτι
1585 1776 1678 1840 τὰς
1729 1786 1828 1831 τοῦ

149 1866 351 1935 πατρὸς
397 1866 666 1934 διαθήκας
713 1863 1067 1933 ἀνήγγειλεν,
1123 1865 1299 1926 άλλως
1345 1859 1391 1916 τ’
1437 1865 1488 1916 εί
1532 1862 1620 1918 καὶ
1658 1862 1830 1934 μηδεν

152 1960 274 2008 ἴσον
313 1949 483 2023 εἶχεν,
532 1950 649 2006 ἀλλ’
704 1952 763 2006 ἐν
811 1953 1012 2005 ἅπασιν
1052 1952 1377 2020 ἠλαττοῦτο,
1416 1955 1733 2023 παρεκλήθη
1772 1953 1824 2006 δ’

150 2042 313 2105 αὐτὸς
350 2037 529 2110 οὗτος,
568 2042 705 2094 ὥστε
746 2037 881 2110 μηδὲ
922 2038 1071 2094 τοῦτ’
1119 2059 1261 2093 ειναι
1302 2039 1500 2109 λέγειν,
1540 2041 1612 2103 ὡς
1649 2041 1830 2113 λάθρα

150 2129 240 2184 καὶ
287 2130 720 2200 διακρυψάμενοι
767 2129 995 2191 τούτους
1041 2127 1374 2197 ἐπράττομεν
1420 2137 1612 2183 ταῦτα·
1659 2146 1829 2200 παρα

151 2222 484 2288 καλούμενος
515 2221 618 2287 γὰρ
652 2220 854 2287 ἔφησεν
894 2216 1055 2280 αὐτὸς
1086 2214 1186 2286 μὲν
1220 2216 1481 2287 ἀσχολίαν
1520 2219 1694 2286 ἄγειν,
1730 2220 1832 2288 τὴν

89 2323 128 2355 18
153 2304 213 2361 δὲ
251 2304 462 2375 γυναῖκ’
520 2304 764 2374 ἐξαρκεῖν
804 2306 904 2374 τὴν
944 2304 1114 2358 αὑτοῦ
1153 2314 1452 2373 παροῦσαν.
1513 2309 1571 2359 τί
1604 2308 1681 2360 ἔτι
1720 2310 1830 2369 λοι-

151 2397 280 2458 πόν;
323 2394 749 2462 ἀπαγγείλαντος
782 2390 1194 2461 Ἀριστογένους
1227 2379 1371 2465 αὐτῷ
1413 2391 1544 2462 περὶ·
1576 2392 1831 2448 ἁπάντων

152 2484 361 2538 τούτων
400 2482 654 2551 ἀκριβῶς,
695 2479 812 2534 οὐδ’
862 2478 1083 2534 ἐνταῦθ’
1131 2480 1333 2534 οὐδένα
1373 2485 1623 2550 φαίνεται
1664 2484 1830 2550 λόγον

152 2572 545 2640 ποιησάμενος,
600 2567 719 2623 ἀλλ’
767 2569 1072 2638 ἐπιβιόντος
1122 2571 1255 2638 μετὰ
1305 2577 1470 2622 ταῦτα
1510 2578 1608 2623 τοῦ
1647 2573 1832 2623 Πολυ-

153 2661 349 2712 εύκτου
379 2663 536 2711 πλεῖν
569 2658 601 2727 ἢ
632 2655 791 2710 πένθ’
831 2657 1050 2726 ἡμέρας,
1091 2656 1204 2711 οὔτ’
1249 2658 1624 2727 ἠγανάκτησεν
1662 2659 1831 2712 εἰσελ-

151 2747 275 2800 θὼν
322 2743 437 2800 οὔτ’
483 2746 736 2799 ἀντεῖπεν
778 2744 974 2814 οὐδέν,
1030 2743 1151 2799 οὐδ’
1199 2745 1232 2814 ἡ
1280 2747 1449 2815 γυνὴ,
1499 2743 1730 2814 παροῠσ’
1777 2745 1829 2810 ἐξ

154 2835 320 2905 ἀρχῆς
369 2835 534 2887 ἅπασι
585 2836 812 2897 τούτοις.
891 2832 1014 2887 ὥστ’
1063 2833 1245 2888 οὐκέτι
1296 2835 1645 2897 Πολύευκτος
1696 2834 1832 2888 αὐτὰ

156 2921 403 2986 πεισθεὶς
443 2922 560 2992 ε’μοὶ
609 2919 976 2994 κατεχαρίξεθ’
1026 2923 1099 2985 ὡς
1137 2924 1343 2991 ἔοικεν,
1382 2919 1501 2975 ἀλλ’
1545 2922 1700 2990 ὑμεῖς
1737 2922 1834 2975 αὐ-
