2035 3158
85 2211 129 2240 432

90 1506 101 1535 ³
150 1492 261 1542 ἔστι
303 1486 352 1541 δ’
399 1488 428 1542 6
467 1496 572 1541 νῦν
612 1487 761 1554 ἀγὼν
800 1484 889 1539 καὶ
930 1485 962 1553 ἡ
1003 1486 1333 1549 διαδικασία,
1374 1484 1473 1537 οὐκ
1511 1490 1678 1548 εἴτις
1715 1485 1824 1539 ἕτε-

140 131 210 182 40
601 130 762 172 XLIII.
812 125 1317 186 [ΔΗΜΟΣΘΕΝΟΤΣ]

140 269 289 329 ζουσι
328 274 506 316 ποιεῖν
547 259 589 316 ὦ
629 263 824 332 ἄνδρες
865 259 1127 313 δικασταί.
1204 257 1549 331 Μακαρτάτῳ
1588 254 1649 311 δὲ
1685 276 1811 311 του-

140 350 236 423 τῳὶ
284 347 413 415 οὐδὲ
462 346 833 416 διαλέγονται,
897 342 1028 400 οὐδὲ
1070 348 1375 418 Θεοπόμπῳ
1422 352 1496 417 τῷ
1537 342 1698 414 πατρὶ
1733 352 1811 417 τῷ

140 439 360 492 τούτου’
409 433 538 490 οὐδὲ
586 435 691 504 γάρ
738 436 876 487 εἰσιν
924 432 982 487 ἐκ
1027 441 1125 486 τοῦ
1165 439 1323 486 οἴκου
1359 440 1457 486 τοῦ
1487 430 1711 500 Ἁγνίου
1749 434 1812 486 τὸ

139 526 413 594 παράπαν·
454 533 566 585 πῶς
605 523 672 575 ἂν
713 518 816 575 οὗν
855 522 1069 582 τούτοις
1105 540 1157 573 τι
1195 513 1606 589 προστάττοιεν;

245 609 387 666 Ἀλλ’
434 608 592 673 οὗτος
632 607 673 663 ὦ
714 610 910 677 ἄνδρες
963 606 1208 661 δικασταὶ
1248 609 1382 677 πρὸς
1420 603 1520 675 μὲν
1558 609 1686 669 τοὺς
1723 610 1813 660 νό-

142 720 277 769 μους
307 698 395 752 καὶ
428 700 866 767 τὰς-μαρτυρίας,
906 696 968 759 ἃς
1007 695 1159 764 ἡμεῖς
1194 697 1558 765 παρεχόμεθα,
1601 696 1814 748 δίκαιον

142 785 261 841 οὐδ’
308 787 495 840 ὁτιοῦν
537 789 637 852 ἔχει
678 783 883 852 λέγειν,
935 783 1228 852 ἀγανακτεῖ
1263 779 1322 835 δὲ
1361 780 1450 835 καὶ
1490 782 1643 835 δεινά
1681 798 1814 852 φησι

142 876 396 945 πάσχειν,
458 874 539 926 ὅτι
593 881 692 926 τοῦ
745 874 945 940 πατρὸς
999 873 1434 938 τετελευτηκότος
1487 869 1818 938 ἀγωνίζεται.

146 962 321 1016 ἐκεῖνο
363 959 410 1014 δ’
458 961 558 1014 οὐκ
606 960 923 1028 ἐνθυμεῖται
967 958 1369 1026 [Νῖακάρτατος]
1419 953 1462 1010 ὦ
1501 958 1698 1027 ἄνδρες
1737 959 1817 1012 δι·

144 1053 365 1117 κασταί,
404 1049 485 1101 ὅτι
527 1048 555 1102 6
595 1050 770 1116 πατὴρ
811 1047 982 1100 αὐτοῦ
1020 1047 1316 1114 ἅνθρωπος
1354 1042 1422 1114 ἧν
1462 1048 1691 1115 θνητός,
1729 1045 1819 1099 καὶ

146 1138 482 1206 τετελεύτηκε
517 1133 628 1205 μετ’
660 1137 842 1188 ἄλλων
874 1138 1092 1187 πολλῶν
1133 1131 1221 1185 καὶ
1261 1132 1542 1202 νεωτέρων
1574 1131 1664 1187 καὶ
1694 1152 1820 1204 πρε-

147 1224 442 1295 σβυτέρων.
519 1222 639 1276 ἀλλ’
694 1225 745 1276 εἰ
784 1225 1102 1291 Θεόπομπος
1141 1223 1515 1289 τετελεύτηκεν
1554 1221 1583 1275 6
1622 1223 1821 1276 τούτου

146 1316 351 1381 πατήρ,
397 1313 456 1365 οἱ
490 1315 648 1380 νόμοι
697 1311 763 1363 οὐ
809 1312 1277 1377 τετελευτήκασιν,
1324 1305 1454 1362 οὐδὲ
1500 1310 1560 1362 τὸ
1609 1310 1823 1363 δίκαιον

147 1401 552 1468 τετελεύτηκεν,
593 1397 710 1452 οὐδ’
759 1399 817 1452 οἱ
852 1396 1100 1474 δικασταὶ
1141 1398 1198 1450 οἱ
1231 1398 1331 1465 τὴν
1370 1405 1557 1465 ψῆφον
1596 1400 1823 1467 ἔχοντες.

151 1597 244 1647 ρος
282 1574 470 1644 ἑτέρου
510 1578 771 1643 πρότερος
811 1574 843 1642 ἢ
882 1574 1106 1640 ὕστερος
1158 1573 1566 1641 τετελεύτηκεν,
1612 1570 1731 1626 ἀλλ’
1777 1576 1829 1626 εἰ

150 1667 223 1734 μὴ
255 1665 514 1732 προσήκει
542 1663 864 1730 ἐξελαθῆναι
899 1661 956 1714 ἐκ
989 1670 1086 1713 τοῦ
1120 1667 1274 1713 οἴκου
1308 1669 1406 1714 τοῦ
1436 1658 1659 1728 Ἁγνίου
1699 1663 1828 1724 τοὺς

151 1755 385 1814 οἰκείους
438 1754 566 1813 τοὺς
606 1749 859 1819 Ἁγνίου,
915 1749 1176 1812 ἀνεψιοὺς
1234 1750 1394 1811 ὄντας
1443 1747 1534 1801 καὶ
1583 1748 1827 1812 ἀνεψιῶν

151 1842 347 1903 παῖδας
376 1837 566 1910 Ἁγνίᾳ
605 1841 740 1908 πρὸς
771 1841 991 1907 πατρός,
1030 1838 1137 1890 ὑπὸ
1176 1846 1285 1890 τῶν
1326 1836 1383 1890 ἐκ
1423 1846 1521 1890 τοῦ
1554 1840 1827 1907 Στρατίου

153 1935 307 1983 οἴκου
346 1926 435 1980 καὶ
483 1923 654 1996 μηδὲν
700 1929 1089 1997 προσηκόντων
1140 1926 1276 1978 ὥστε
1315 1929 1679 1994 κληρονομεῖν
1718 1935 1827 1992 τῶν

144 2016 386 2085 Ἁγνίου,
425 2014 560 2068 ἀλλὰ
593 2013 739 2082 γένει
771 2013 1028 2083 ἀπωτέρω
1064 2015 1255 2066 ὄντων.
1331 2011 1454 2082 περὶ
1485 2014 1684 2067 τούτου
1722 2023 1828 2067 νῦν

154 2106 302 2159 ἐστιν
341 2104 371 2159 6
410 2103 602 2171 dyc-bv„

251 2192 367 2246 ’Έτι
415 2188 475 2244 δὲ
527 2189 862 2260 σαφέστερον
908 2191 1188 2258 γνώσεσθε
1243 2185 1284 2242 ὦ
1336 2190 1531 2257 ἄνδρες
1581 2190 1830 2244 δικασταὶ

154 2280 243 2335 καὶ
291 2280 348 2334 ἐκ
393 2281 554 2333 τοῦδε
603 2287 699 2331 τοῦ
746 2281 947 2347 νόμου,
1001 2277 1084 2330 ὅτι
1125 2277 1153 2331 6
1203 2280 1400 2330 Σόλων
1451 2277 1480 2331 6
1526 2276 1831 2347 νομοθέτης

156 2368 447 2432 σπουδάζει
478 2365 600 2436 περὶ
633 2368 762 2428 τοὺς
793 2368 1046 2433 οἰκείους,
1085 2364 1172 2418 καὶ
1214 2365 1280 2417 οὐ
1320 2368 1493 2434 μόνον
1533 2366 1726 2418 δίδωσι
1765 2367 1829 2419 τὰ

155 2455 613 2524 καταλειφθέντα,
664 2454 799 2506 ἀλλὰ
838 2452 927 2507 καὶ
967 2455 1031 2507 τὰ
1070 2454 1457 2522 προστάγματα
1494 2463 1727 2506 ποιεῖται
1765 2454 1830 2506 τὰ

157 2547 392 2614 δυσχερῆ
433 2544 643 2595 ἅπαντα
681 2552 793 2604 τοῖς
833 2544 1220 2610 προσήκουσιν.
1299 2538 1420 2608 λε’γε
1459 2541 1556 2594 τὸν
1594 2543 1785 2609 νόμον.
1846 2598 1847 2602 Ἰ

2019 2586 2035 2655 j,

886 2709 1109 2752 ΝΟΜΟΣ.

349 2817 444 2868 Τὸν
476 2816 798 2867 ἀποθανόντα
829 2817 1155 2881 προτίθεσθαι
1185 2815 1348 2876 ἔνδον,
1387 2815 1518 2876 ὅπως
1550 2815 1612 2866 ἂν
1650 2816 1826 2882 βούλη-
1852 2836 1954 2875 107³
2025 2797 2035 2866 ,Ι

235 2920 323 2950 ται.
385 2897 606 2963 ἐκφέρειν
640 2896 691 2946 δὲ
723 2897 806 2946 τὸν
839 2895 1159 2946 ἀποθανόντα
1196 2903 1252 2965 τῇ
1284 2894 1509 2965 ὑστεραίᾳ
1547 2887 1578 2966 ᾗ
1611 2893 1673 2946 ἂν
1712 2900 1838 2963 προ-’

2028 2918 2035 3000 3

2023 3007 2035 3037 5

2015 3042 2035 3158 Ξ
