2035 3158
128 779 170 810 30

131 1828 172 1859 31

129 2442 171 2473 32

196 196 267 246 20
680 194 841 235 XLln.
891 191 1394 249 [ΔΗΜΟΣΘΕΝΟΤΣ]

193 326 277 380 καὶ
318 325 614 388 Θεοτέλους
643 327 964 394 μαρτυρίαν,
1003 317 1085 386 οἷς
1116 319 1275 385 οὗτος
1305 322 1683 391 ἀπογέγραφεν
1715 324 1865 392 ὀφείο

193 410 353 467 λονθ’
410 412 579 465 αὑτὸν
625 414 1049 480 τετρακισχιλίας
1104 411 1345 480 δραχμὰς
1390 411 1730 479 ψευδόμενος
1773 409 1864 462 καὶ

191 501 356 553 πάλαι
382 499 758 567 ἀποδεδωκώς,
790 499 890 568 οὐχ
924 496 1081 565 ἑκὼν,
1113 496 1248 550 ἀλλὰ
1281 498 1439 566 δίκην
1471 497 1673 566 ὀφλών.
1727 495 1863 562 λέγε.

877 658 1187 699 ΜΑΡΤΪΡΙΑ.

290 760 489 814 ’'Exeat''
546 763 743 829 ἄνδρες
790 758 1037 812 δικασταὶ
1097 763 1194 813 τὸν
1249 761 1389 813 οὕτω
1437 769 1759 829 καταφανῶς
1806 759 1865 812 ἐν

193 852 394 902 ἅπασιν
441 849 640 912 ἀδίκως
685 847 1052 916 πεποιημένον
1099 850 1198 915 τὴν
1245 847 1547 916 ἀπόφασιν,
1599 846 1688 900 καὶ
1733 850 1864 916 μήτε

194 946 302 989 τῶν
339 939 526 1005 νόμων
565 940 937 1006 φροντίσαντα
984 933 1180 1003 μηδέν,
1228 937 1284 987 οἳ
1328 936 1647 1003 διωρίκασιν
1687 934 1746 987 ἐν
1785 927 1867 996 οἷς

195 1026 282 1077 δεῖ
315 1025 414 1092 τὴν
452 1022 734 1093 ἀπόφασιν
773 1028 1052 1076 ποιεῖσθαι
1099 1025 1345 1091 χρόνοις,
1391 1023 1520 1090 μήτε
1559 1031 1669 1075 τῶν
1708 1023 1866 1075 ἰδίων

195 1112 520 1180 ὁμολογιῶν,
559 1113 620 1175 ἃς
660 1112 858 1180 ὁμοίως
901 1110 1360 1178 ὑπολαμβάνομεν
1411 1111 1658 1179 ἰσχυράς,
1703 1107 1869 1180 χωρὶς

195 1197 255 1251 δὲ
299 1200 510 1252 τούτων
559 1199 834 1271 ἀνεῳχότα
888 1199 952 1250 τὰ
1008 1206 1199 1265 σημεῖα
1255 1206 1364 1249 τῶν
1418 1197 1725 1265 οἰκημάτων
1777 1195 1867 1250 καὶ

194 1287 596 1355 ἐκπεφορηκότα
635 1288 730 1339 τὸν
772 1294 923 1338 σῖτον
971 1283 1059 1337 καὶ
1098 1287 1194 1337 τὸν
1235 1281 1390 1338 οἶνον
1431 1285 1689 1351 ἔνδοθεν,
1734 1287 1869 1352 πρὸς

194 1371 253 1427 δὲ
292 1376 506 1436 τούτοις
545 1375 643 1441 τὴν
681 1373 821 1441 ὕλην
869 1374 968 1441 τὴν
1016 1371 1351 1440 τετμημένην
1389 1374 1698 1441 πεπρακότα
1736 1372 1868 1441 μετὰ

193 1464 293 1530 τὴν
332 1461 640 1528 ἀντίδοσιν,
679 1460 846 1514 πλέον
885 1459 916 1528 ἢ
957 1460 1247 1527 τριάκοντα
1287 1469 1440 1528 μνῶν
1481 1455 1653 1513 οὖσαν
1693 1457 1868 1527 ἀξίαν,

193 1549 282 1603 καὶ
332 1551 391 1603 τὸ
442 1549 661 1601 πάντων
709 1548 994 1616 μέγιστον,
1045 1545 1174 1616 χρέα
1221 1549 1396 1614 ψευδῆ
1444 1549 1869 1601 κατεσκευακότα

194 1647 287 1706 τῆς
332 1637 660 1698 ἀντιδόσεως
707 1635 891 1702 ἕνεκα,
939 1643 1134 1688 τοῦτον
1183 1636 1403 1697 δικαίως
1441 1640 1738 1703 ψηφιεῖσθε
1777 1653 1869 1687 πε-

194 1729 458 1794 ποιῆσθαι
498 1725 597 1792 τὴν
638 1723 938 1792 ἀπόφασιν;
989 1724 1248 1791 μηδαμῶς
1286 1718 1326 1775 ὦ
1368 1723 1564 1797 ἄνδρες
1607 1724 1869 1776 δικασταί.

197 1822 294 1866 ποῖ
330 1813 433 1880 γὰρ
480 1810 783 1878 τραπέσθαι
834 1812 1015 1878 δεήσει
1064 1812 1427 1879 διαμαρτόντα
1474 1818 1567 1878 τῆς
1611 1809 1871 1879 ὑμετέρας

193 1903 435 1969 γνώμης,
489 1899 620 1952 ὅταν
677 1900 732 1952 οἵ
782 1900 1034 1952 πλούσιοι
1096 1897 1181 1950 καὶ
1240 1895 1411 1966 μηδὲν
1472 1898 1604 1966 ὑμῖν
1656 1900 1868 1952 πώποτε

193 1991 447 2059 χρήσιμοι
511 1985 902 2054 γεγενημένοι,
962 1988 1137 2039 πολὺν
1199 1984 1287 2038 καὶ
1350 1994 1502 2038 σῖτον
1563 1983 1652 2037 καὶ
1714 1982 1870 2040 οἶνον

192 2084 477 2137 ποιοῦντες
534 2072 619 2126 καὶ
683 2081 878 2126 τοῦτον
936 2076 1252 2140 τριπλασίας
1307 2081 1462 2142 τιμῆς
1519 2072 1551 2140 ἢ
1601 2077 1869 2143 πρότερον

196 2163 587 2231 διατιθέμενοι,
625 2166 985 2214 πλεονεκτῶσι
1027 2159 1154 2226 παρ’
1193 2161 1347 2229 ὑμϊν;
1392 2160 1420 2213 ὃ
1453 2163 1712 2229 μηδαμῶς
1742 2160 1864 2215 νυνὶ

195 2250 460 2320 γενέσθω,
499 2246 616 2301 ἀλλ’
658 2249 835 2315 ὥσπερ
870 2247 956 2301 καὶ
990 2256 1145 2317 κοινῇ
1177 2256 1308 2301 πᾶσι
1347 2251 1718 2317 βεβοηθήκατε
1757 2259 1870 2312 τοῖς

196 2339 255 2391 ἐν
293 2347 405 2400 τοῖς
445 2340 624 2405 ε”ργοις
664 2335 1057 2405 ἐργαζομένοις,
1098 2336 1239 2389 οὕτω
1279 2334 1368 2389 καὶ
1409 2338 1522 2407 ἰδία
1560 2337 1874 2406 βοηθήσατέ

195 2447 287 2495 μοι
333 2434 453 2478 νῦν.
523 2423 610 2477 καὶ
660 2425 762 2492 γὰρ
810 2426 860 2476 εἰ
905 2422 1114 2492 οἰκέτης
1160 2424 1343 2492 ὑμῶν,
1396 2426 1467 2493 μὴ
1515 2428 1737 2494 πολίτης
1781 2422 1870 2493 ἧν,

194 2515 427 2584 ὁρῶντες
451 2514 518 2565 ἄν
544 2533 652 2581 μου
678 2514 776 2581 τὴν
802 2515 1089 2581 φιλεργίαν
1122 2510 1211 2564 καὶ
1242 2513 1342 2580 τὴν
1367 2514 1443 2573 εἰς
1467 2512 1604 2580 ὑμᾶς
1628 2514 1869 2582 εὔνοιαν,

195 2599 520 2654 ἀνεπαύσατ’
569 2601 636 2653 ἄν
677 2620 738 2669 με
781 2609 889 2653 τῶν
937 2600 1307 2668 ἀναλωμάτων
1353 2598 1442 2652 καὶ
1482 2599 1567 2652 ἐπὶ
1605 2603 1701 2654 τὸν
1741 2602 1870 2669 δρα-

193 2691 489 2742 πετεύοντα
529 2697 638 2741 τῶν
678 2690 859 2741 ἄλλων
898 2690 1110 2756 ἤλθετε.
1173 2690 1268 2741 τὸν
1308 2687 1474 2741 αὐτὸν
1514 2691 1717 2754 τρόπον
1757 2688 1870 2757 [καὶ

193 2780 343 2845 νῦν],
384 2776 605 2829 ἐπειδὰν
637 2775 903 2830 ἀποτείσω
937 2777 1000 2828 τὰ
1031 2779 1153 2845 τριά
1184 2773 1410 2828 τάλανθ’
1451 2775 1583 2844 ὑμῖν
1615 2775 1648 2828 ἃ
1680 2771 1870 2845 ὦφλον

194 2863 283 2917 καὶ
324 2863 581 2932 ἀναλάβω
623 2864 876 2933 ἐμαυτόν,
922 2865 1086 2916 πάλιν
1126 2863 1537 2926 ἀναπαύσαντες
1572 2872 1683 2916 τῶν
1722 2883 1869 2917 τετα-

196 2954 619 3021 λαιπωρηκότων
674 2951 860 3021 ἕτερον
916 2949 994 3004 ἐπ’
1057 2949 1136 3019 ἔμ’
1193 2952 1366 3019 ἥξετε·
1419 2959 1525 3004 νῦν
1580 2947 1629 3004 δ’
1689 2952 1871 3019 ἄφετε,
1938 2970 1959 2976 ·’
1998 2959 2005 2981 ¹
