2035 3158
173 149 245 202 92
470 136 473 138 ’
676 150 833 192 XLVI.
866 146 1378 207 [ΔΗΜΟΣΘΕΝΟΤΣ]

171 284 252 347 εἰς
288 283 430 352 ἡμᾶς
469 281 605 352 ἀρχὴ
639 285 921 349 Πασικλῆς
959 275 1008 352 ᾗ.
1069 281 1199 334 ὅταν
1238 282 1341 353 γὰρ
1382 290 1455 354 τῷ
1496 282 1680 354 δούλῳ
1718 295 1846 334 συν-

114 396 126 410 =
174 371 298 439 δικῇ
329 372 426 424 τὸν
458 353 702 437 ἱοἰδελφὸν
734 358 960 437 ἀτιμῶν,
999 369 1086 421 καὶ
1125 369 1561 437 παραπεπτωκὼς
1596 368 1850 439 θαυμάζῃ

173 457 402 520 τούτους
438 454 533 526 ὑφ’
581 452 659 509 ὧν
691 456 837 527 αὐτῷ
877 457 1258 525 θαυμάζεσθαι
1297 465 1555 526 προσῆκε,
1592 452 1696 510 τίν’
1741 458 1849 526 ἔχει

174 545 392 597 δικαίαν
425 542 585 597 ταῦθ’
624 543 892 608 ὑποψιάν;
933 541 1081 596 ἄνελ’
1119 540 1221 597 οὖν
1255 544 1312 596 ἐκ
1352 543 1520 613 μέσου
1552 563 1645 612 μοι
1676 546 1851 596 Πασι·

173 630 322 699 κλέα,
360 630 450 685 καὶ
490 633 584 695 σὸς
623 628 733 701 μὲν.
762 631 883 694 υίὸς
921 629 1044 684 ἀντὶ
1085 633 1352 685 δεσπότου
1393 634 1688 698 καλείσθω,
1725 629 1852 699 ἐμὸς

173 716 225 772 δ’
263 718 538 782 ἀντίδικος
577 719 856 789 (βούλεται
895 720 1020 789 γὰρ)
1062 715 1181 772 ἀντ’
1227 718 1486 789 ἀδελφοῦ.

108 822 149 853 85
281 804 414 874 Ἐὴκὼ
455 803 515 859 δὲ
554 808 727 879 τούτῳ
768 803 869 874 μὲν
915 812 1126 876 χαίρειν
1165 804 1332 874 λέγω,
1379 805 1474 869 οὓς
1513 802 1564 858 δ’
1607 805 1638 859 ὁ
1676 808 1851 874 πατήρ

173 913 266 962 μοι
315 893 595 960 παρέδωκε
643 896 891 962 βοηθοὺς
936 892 1026 946 καὶ
1065 897 1291 963 φίλους,
1340 895 1418 956 εἰς
1454 896 1682 956 τούτους
1719 893 1852 961 ἥκω,

172 982 250 1044 εἰς
286 981 426 1050 ὑμᾶς
458 977 499 1034 ὦ
533 983 728 1050 ἄνδρες
769 983 1032 1034 δικασταί.
1094 979 1183 1034 καὶ
1224 979 1412 1050 δεόμαι
1452 979 1542 1034 καὶ
1580 981 1850 1050 ἀντιβολῶ

173 1067 262 1123 καὶ
303 1070 552 1138 ἱκετεύω,
600 1071 671 1139 μὴ
718 1067 1013 1138 ὑπερίδητέ
1055 1088 1119 1138 με
1169 1066 1260 1121 καὶ
1296 1069 1391 1131 τὰς
1428 1067 1734 1137 θυγατέρας
1772 1062 1842 1121 δι’

174 1159 392 1211 ἔνδειαν
429 1167 542 1220 τοῖς
582 1157 818 1226 ἐμαυτοῦ
857 1158 1078 1220 δούλοις
1114 1154 1204 1209 καὶ
1245 1164 1357 1218 τοῖς
1393 1158 1590 1210 τούτου
1629 1155 1852 1220 κόλαξιν

174 1244 464 1315 ἐπίχαρτον
511 1247 826 1313 γενόμενον.
897 1243 1067 1312 οὑμὸς
1114 1242 1247 1312 ὑμῖν
1293 1244 1467 1312 πατὴρ
1507 1246 1682 1313 χιλιάς
1720 1245 1852 1303 ἔδω·

173 1352 267 1386 κεν
306 1332 568 1401 ἀσπίδας,
606 1331 696 1385 καὶ
735 1332 910 1385 πολλὰ
950 1334 1218 1401 χρήσιμον
1259 1331 1426 1384 αὑτὸν
1465 1329 1724 1401 παρέσχε,
1763 1331 1851 1385 καὶ

171 1419 330 1474 πέντε
358 1422 637 1490 [τριήρεις]
667 1419 959 1488 ἐθελοντὴς
985 1418 1205 1482 ἐπιδοὺς
1228 1418 1317 1471 καὶ
1342 1416 1469 1487 παρ’
1498 1417 1697 1473 ἑαυτοῦ
1718 1424 1853 1489 πλη-

172 1509 351 1577 ρώσας
383 1508 770 1578 ἐτριηράρχησε
804 1510 1167 1577 τριηραρχίας.
1221 1504 1310 1559 καὶ
1350 1504 1526 1575 ταῦτ’,
1564 1506 1664 1560 οὐκ
1704 1507 1850 1578 ὀφεί-

173 1601 290 1650 λειν
343 1596 483 1665 ὑμᾶς
528 1598 765 1664 νομίζων
814 1595 976 1665 χάριν
1029 1594 1186 1663 ἡμῖν,
1234 1592 1651 1665 ὑπομιμνῄσκω·
1699 1594 1853 1665 ἡμεῖς

172 1685 275 1755 γὰρ
308 1684 601 1753 ὀφείλομεν
633 1683 789 1751 ὑμῖν·
829 1679 950 1735 ἀλλ’
987 1683 1078 1735 ἵνα
1109 1683 1182 1751 μὴ
1216 1682 1371 1734 λάθω
1411 1702 1461 1734 τι
1499 1683 1697 1735 παθὼν
1729 1685 1852 1736 τού·
1895 1678 1898 1679 ’

171 1792 282 1825 των
320 1771 568 1836 ἀνάξιον·
609 1767 738 1825 οὐδὲ
779 1771 883 1840 γὰρ
923 1770 1055 1839 ὑμῖν
1094 1770 1162 1823 ἂν
1202 1768 1416 1838 γένοιτο
1455 1773 1637 1824 καλόν.

108 1876 149 1907 86
185 1890 207 1925 j
285 1861 477 1914 Πολλὰ
519 1857 570 1913 δ’
615 1862 754 1930 ἔχων
793 1861 967 1911 εἰπεῖν
999 1856 1121 1927 περὶ
1163 1853 1241 1910 ὧν
1278 1858 1562 1927 ὕβρισμαι,
1601 1857 1700 1929 οὐχ
1740 1860 1852 1912 ι’κα-

172 1950 275 2002 νὸν
316 1950 428 2015 [ὃν]
469 1950 530 2002 τὸ
561 1947 714 2017 ὕδωρ
749 1947 858 2016 ὁρῶ
899 1966 1006 2015 μοι.
1068 1946 1140 2008 ὡς
1179 1941 1282 2000 οὗν
1319 1943 1533 2015 μάλιστ’
1576 1945 1645 1998 ἂν
1683 1947 1852 2000 ἅπαν-

172 2057 266 2100 τας
296 2036 436 2105 ὑμᾶς
466 2036 703 2104 ἡγοῦμαι
736 2043 944 2103 γνῶναι
976 2035 1076 2102 τὴν
1111 2033 1421 2102 ὑπερβολὴν
1455 2028 1531 2086 ὧν
1563 2033 1850 2103 ἠδικήμεθ’

171 2125 350 2194 ἡμεῖς,
397 2125 612 2193 φράσω·
660 2125 713 2176 εἰ
750 2121 1008 2186 σκέψαιτο
1056 2124 1192 2191 πρὸς
1230 2121 1398 2175 αὑτὸν
1437 2121 1660 2184 ἕκαστος
1697 2122 1853 2191 ὑμῶν

172 2210 274 2266 τίν’
319 2218 460 2265 οἴκοι
499 2210 783 2264 κατέλιπεν
824 2208 1067 2279 οἰκέτην,
1115 2206 1224 2262 εἶθ’
1266 2208 1373 2262 ὑπὸ
1419 2210 1616 2263 τούτου
1654 2228 1852 2277 πεπονή

172 2298 307 2354 θόθ’
351 2299 547 2353 ἑαυτὸν
592 2304 719 2368 θείη
771 2296 934 2352 ταῦθ’
977 2299 1113 2368 ἅπερ
1153 2297 1306 2366 ἡμεῖς
1344 2298 1450 2352 ὑπὸ
1489 2300 1702 2352 τούτου.
1779 2300 1852 2367 μὴ

174 2389 277 2459 γὰρ
326 2390 378 2441 εἰ
414 2389 598 2456 Σύρος
638 2387 670 2456 ἢ
709 2387 908 2455 Μάνης
945 2385 980 2456 ἢ
1018 2389 1099 2449 τίς
1137 2386 1358 2448 ἕκαστος
1399 2385 1650 2455 ἐκείνων,
1693 2382 1854 2449 οὗτος

175 2473 234 2530 δὲ
272 2479 556 2545 Φορμίων·
598 2474 735 2528 ἀλλὰ
767 2477 827 2528 τὸ
859 2482 1080 2543 πρᾶγμα
1118 2474 1306 2528 ταύτό·
1348 2476 1539 2528 δοῦλοι
1579 2471 1679 2543 μὲν
1719 2473 1852 2527 ἐκεῖ·

173 2584 281 2632 νοι,
320 2566 519 2627 δοῦλος
558 2562 609 2616 δ’
655 2560 814 2626 οὗτος
852 2559 942 2632 ἦν,
982 2564 1238 2615 δεσπόται
1280 2560 1335 2615 δ’
1378 2562 1550 2631 ὑμεῖς,
1589 2562 1855 2630 δεσπότης

107 2667 147 2698 8²
176 2649 228 2706 δ’
270 2649 341 2722 ἦν
381 2651 499 2720 ἐγώ.
570 2651 639 2719 ἣν
685 2653 876 2704 τοίνυν
927 2650 1080 2719 ὑμῶν
1127 2649 1196 2703 ἂν
1236 2650 1458 2711 ἕκαστος
1497 2650 1656 2717 δίκην
1695 2648 1851 2714 ἀξιώ-

175 2754 285 2793 σειε
337 2743 558 2809 λαβεῖν,
611 2739 812 2808 ταύτην
862 2741 1102 2806 νομίζετε
1159 2735 1324 2806 κάμοὶ
1381 2737 1676 2805 προσήκειν
1724 2743 1850 2790 νῦν·

174 2825 264 2880 καὶ
312 2828 409 2881 τὸν
460 2824 815 2897 ἀφῃρημένον
865 2832 939 2897 τῷ
992 2832 1330 2895 μαρτυρῆσαι
1381 2825 1444 2877 τὰ
1495 2825 1706 2893 ψευδῆ,
1760 2823 1978 2878 noane*

178 2911 308 2983 ὑπὲρ
348 2923 457 2967 τῶν
498 2916 683 2981 νόμων
723 2911 812 2965 καὶ
851 2910 990 2981 ὑπὲρ
1029 2921 1138 2966 τῶν
1178 2911 1386 2980 ὅρκων,
1436 2912 1532 2974 οὓς
1571 2911 1850 2980 ὀμωμοκό·
