2035 3158
157 128 262 181 158
634 130 790 170 xmx.
841 127 1344 181 [mmoz’fflffiofz]

151 258 438 326 τιθέμενος
474 261 898 328 παραλήψεσθαι
939 257 1065 313 οὔθ’
1106 259 1135 314 6
1173 257 1457 324 ὑποτιθεὶς
1493 261 1592 313 τὸν
1630 259 1834 330 χαλκὸν

151 349 518 417 παραδώσειν,
579 344 698 401 οὐδ’
755 342 826 400 αὖ
881 347 910 401 6
963 348 1139 416 πατὴρ
1201 350 1425 416 ἔμελλεν
1489 347 1654 410 αὐτὸς
1709 346 1832 399 οὔτε
1852 350 1994 393 1200

153 441 325 488 οἴσειν
363 437 460 489 τὸν
498 436 701 504 χαλκὸν
742 436 866 488 οὔτε
907 437 1232 503 στήσεσθαι,
1279 431 1397 487 ἀλλ’
1443 432 1646 488 οἰκέται
1693 429 1834 502 ἦσαν
2001 430 2007 434 ’

152 522 319 595 αὐτῷ,
356 526 414 576 οἳ
447 524 511 576 τὰ
551 521 778 592 ἐνέχυρα
825 531 934 575 τῶν
983 522 1359 591 δανεισμάτων
1397 521 1833 591 παρελάμβανον.

108 627 127 657 3
153 610 415 679 θαυμάζω
456 607 505 663 δ’
552 612 720 677 ἔγωγε
760 607 850 662 καὶ
888 611 1037 670 τίνος
1083 610 1152 662 ἄν
1198 628 1327 662 ποτε
1369 611 1549 662 εἵνεκα
1585 608 1834 662 ὑπετίθει
1899 635 1903 638 ⁴

152 699 248 750 τὸν
292 699 494 767 χαλκὸν
543 705 614 768 τῷ
664 695 825 765 πατρὶ
872 703 945 769 τῷ
996 696 1105 767 ἐμῷ
1157 697 1185 750 ὁ
1235 698 1499 759 Βοιώτιος
1542 697 1835 766 ναύαρχος,

154 788 408 857 Φιλίππῳ
450 784 688 854 ὀφείλων
728 785 904 853 χιλίας
950 784 1208 853 δραχμάς.
1278 787 1510 853 πότερον
1551 785 1624 847 ὡς
1663 784 1692 838 6
1734 787 1833 837 Φί·

154 876 349 935 λιππος
388 872 487 925 οὐκ
528 871 595 924 ἂν
628 871 800 939 ἡδέως
835 874 999 925 τόκον
1033 871 1358 940 ἐλάμβανεν,
1395 877 1546 942 εἴπερ
1578 871 1835 942 ἀσφαλῶς

152 955 220 1027 ἦν
259 960 403 1031 αὐτῷ
446 961 504 1013 τὸ
547 959 814 1029 ἀργύριον
856 958 1282 1027 δεδανεισμένον
1320 957 1408 1012 καὶ
1450 957 1530 1012 ἐπ’
1569 960 1833 1036 ἐνεχύρῳ;

155 1046 187 1115 ἢ
229 1047 302 1111 ὡς
341 1047 440 1101 οὐκ
479 1043 547 1115 ἦν
587 1054 659 1117 τῷ
705 1049 961 1119 Φιλίππῳ
1003 1046 1293 1114 ἆργύριονς
1335 1047 1471 1100 ὥστε
1510 1050 1568 1100 τί
1593 1048 1703 1101 ἔδει
1735 1055 1834 1101 τοῦ

150 1138 351 1205 πατρὸς
382 1144 479 1188 τοῦ
512 1135 645 1204 ἐμοῦ
679 1136 948 1204 δεηθῆναι
982 1136 1230 1187 δανεῖσαι
1264 1135 1356 1197 τὰς
1386 1138 1561 1205 χιλίας
1592 1136 1834 1204 δραχμὰς

152 1225 247 1277 τὸν
286 1224 557 1277 Βοιώτιον
596 1225 875 1292 ναύαρχον
921 1220 1011 1275 καὶ
1061 1221 1366 1275 ἀποδοῦναι
1409 1225 1833 1295 Φιλίππω,μᾶλ·

156 1315 254 1363 λον
305 1309 337 1379 ἢ
388 1309 455 1363 οὐ
505 1311 600 1364 τὸν
649 1311 852 1380 χαλκὸν
903 1309 1200 1363 ὑποθεῖναι
1251 1318 1325 1382 τῷ
1380 1314 1660 1382 Φιλι’ππῳ;
1707 1307 1825 1363 ἀλλ’

154 1396 278 1450 οὔθ’
326 1397 354 1451 6
406 1399 602 1467 χαλκὸς
659 1395 898 1466 ὑπετέθη
952 1393 993 1449 ὦ
1046 1398 1244 1467 ἄνδρες
1302 1399 1580 1466 δικασταί,
1630 1395 1757 1450 οὔθ’
1801 1398 1832 1452 ὁ

152 1487 416 1548 Βοιώτιος
478 1487 751 1555 ναύαρχος
822 1485 1138 1539 ἐδανείσατο
1201 1486 1295 1548 τὰς
1356 1489 1532 1555 χιλίας
1593 1486 1834 1555 δραχμὰς
2034 1547 2035 1560 ¹

151 1575 295 1644 παρὰ
336 1582 433 1627 τοῦ
472 1576 673 1643 πατρὸς
712 1582 810 1627 τοῦ
853 1572 1012 1642 ἐμοῦ,
1054 1572 1189 1625 ἀλλὰ
1238 1576 1508 1642 Τιμόθεος
1546 1571 1732 1626 οὑτοσὶ
1773 1572 1833 1626 ἐν
2014 1561 2035 1641 ᾗῇ

154 1661 353 1734 ἀπορίᾳ
378 1663 455 1715 ὢν
479 1666 674 1730 πολλῇ·
709 1663 808 1730 τὴν
842 1658 900 1714 δὲ
933 1665 1139 1731 χρείαν,
1172 1663 1247 1724 εἰς
1275 1661 1343 1729 ἢν
1369 1664 1732 1730 κατεχρήσατο
1756 1663 1830 1733 τῷ
2032 1673 2035 1700 ¹

155 1750 430 1823 ἀργυρίῳ,
477 1755 665 1818 εἴρηκα
717 1748 862 1818 ὑμῖν.
934 1747 1054 1801 ἀντὶ
1096 1746 1154 1802 δὲ
1194 1757 1292 1802 τοῦ
1331 1749 1490 1819 χάριν
1529 1748 1834 1802 ἀποδοῦναι
2016 1740 2035 1756 ”

153 1833 231 1890 ὧν
271 1836 566 1906 ἐπιστεύθη
623 1835 713 1889 καὶ
761 1839 919 1905 ἔλαβε
965 1838 1111 1905 παρὰ
1158 1845 1255 1890 τοῦ
1301 1838 1502 1904 πατρὸς
1540 1845 1639 1890 τοῦ
1679 1836 1832 1905 ἐμοῦ,

153 1931 322 1979 οἴεται
359 1926 477 1978 δεῖν
511 1923 600 1977 καὶ
638 1924 701 1976 τὰ
739 1923 953 1993 ἀρχαῖα,
998 1924 1065 1977 ἂν
1103 1925 1349 1992 δύνηται,
1386 1923 1763 1993 ἀποστερῆσαι.

265 2011 406 2082 Περὶ
446 2015 637 2065 τοίνυν
679 2021 787 2064 τῶν
827 2016 1039 2080 φιαλῶν
1087 2010 1175 2064 καὶ
1223 2020 1314 2079 τῆς
1352 2018 1490 2080 μνᾶς
1526 2020 1626 2065 τοῦ
1665 2011 1829 2082 ἀργυ-

153 2104 307 2170 ρίου,
364 2101 433 2169 ἣν
491 2100 807 2153 ἐδανείσατο
866 2101 1009 2169 παρὰ
1067 2107 1165 2153 τοῦ
1224 2101 1424 2169 πατρὸς
1473 2098 1685 2168 πέμψας
1731 2101 1829 2154 τὸν

152 2189 466 2243 ἀκόλουθον
506 2190 603 2242 τὸν
652 2186 848 2241 ἑαυτοῦ
888 2189 1204 2258 Αἰσχρίωνα
1251 2196 1344 2256 τῆς
1389 2189 1585 2250 νυκτὸς
1623 2187 1695 2250 ὡς
1731 2189 1829 2242 τὸν

151 2276 355 2347 πατέρα
394 2278 489 2330 τὸν
530 2275 682 2345 ἐμόν,
721 2276 933 2345 ἠρόμην
981 2275 1147 2329 αὐτὸν
1192 2277 1327 2344 πρὸς
1364 2283 1437 2348 τῷ
1479 2277 1743 2345 διαιτητῇ,
1780 2277 1832 2328 εἰ

154 2369 231 2418 ἔτι
273 2366 472 2427 δοῦλος
517 2369 598 2432 εἴη
640 2364 668 2417 ὁ
712 2366 1016 2434 Αἰσχρίων,
1061 2362 1150 2416 καὶ
1197 2364 1386 2432 ἠξίουν
1433 2362 1598 2417 αὐτὸν
1646 2362 1707 2416 ἐν
1751 2370 1826 2435 τῷ

155 2453 382 2522 δέρματι
429 2454 524 2506 τὸν
577 2455 800 2521 ἔλεγχον
848 2452 1080 2505 διδόναι.
1142 2449 1582 2520 ἀποκριναμένου
1628 2449 1696 2503 δέ
1733 2470 1826 2519 μοι

155 2543 352 2594 τούτου
404 2540 486 2593 ὅτι
539 2539 830 2609 ἐλεύθερος
883 2544 985 2608 εἴη,
1042 2547 1135 2607 τῆς
1192 2536 1293 2608 μὲν
1344 2538 1661 2607 ἐξαιτήσεως
1708 2536 1826 2592 ἐπέ-

154 2645 317 2699 σχον,
377 2631 680 2698 μαρτυρίαν
743 2624 792 2680 δ’
853 2627 1019 2681 αὐτὸν
1081 2627 1271 2696 ἠξίουν
1333 2625 1665 2696 ἐμβαλέσθαι
1725 2633 1825 2680 τοῦ

87 2733 129 2763 fs.
163 2719 498 2786 Αἱσχρίωνος
537 2717 607 2778 ὡς
649 2713 945 2783 ἐλευθέρου
979 2716 1149 2777 ὄντος.
1220 2714 1248 2768 ὁ
1290 2711 1349 2767 δὲ
1389 2714 1513 2767 οὔτε
1560 2714 1632 2776 ὡς
1677 2712 1823 2767 ἐλευ-
1842 2731 1946 2772 1201

153 2804 327 2873 θέρου
387 2806 543 2866 ὄντος
601 2811 697 2856 τοῦ
751 2804 1090 2872 Αἰσχρίωνος
1149 2803 1452 2871 μαρτυρίαν
1510 2800 1823 2871 παρέσχετο,

155 2889 282 2946 οὔθ’
328 2892 401 2954 ὡς
439 2893 641 2944 δοῦλον
683 2892 777 2943 τὸν
817 2892 1132 2959 Αἰσχρίωνα
1169 2890 1448 2957 παραδοὺς
1487 2888 1546 2941 ἐκ
1583 2897 1681 2942 τοῦ
1720 2891 1824 2942 σώ-
