2035 3158
659 124 818 166 RATA
849 124 1356 167 οΛΤΜΠΙοΔΩΡοΤ.
1742 123 1848 176 139

166 257 348 327 γράφη
396 253 656 325 δόξαντός
701 271 804 310 σου
850 255 1007 309 ἕνεκα
1053 263 1148 325 τῆς
1193 257 1347 325 δίκης
1391 255 1609 309 ἀπεῖναι
1648 248 1738 310 καὶ
1778 256 1847 310 οὐ

167 343 417 414 δημοσίᾳ.
464 342 591 414 ε’ξῆν
616 344 720 414 γὰρ
745 347 926 413 ἔμοιγε
948 352 1048 398 τοῦ
1070 343 1399 413 ἡμικληρίου
1423 344 1846 398 ἐπιδικάσασθαι

167 429 403 503 ἐμαυτῷ·
442 430 626 494 οὐδεὶς
674 433 778 502 γάρ
829 452 923 502 μοι
974 431 1288 502 ἀνθρώπων
1339 431 1660 501 ἀντέλεγεν,
1709 430 1847 484 ἀλλὰ

98 535 144 568 42
166 520 518 590 συνεχώρουν
563 519 719 574 αὐτοὶ
765 520 835 574 οἱ·
865 519 1149 574 ἀντίδικοι.
1218 519 1356 574 ἀλλὰ
1402 528 1570 574 ταῦτα
1616 522 1848 589 ποιήσας

163 607 338 671 εὐθὺς
381 606 450 661 ἄν
495 603 566 678 ἦν
613 607 982 678 ἐπιωρκηκώς·
1024 610 1210 678 ὤμοσα
1257 609 1360 679 γὰρ
1400 606 1491 662 καὶ
1531 606 1846 677 συνεθέμην

161 696 298 765 πρὸς
343 693 402 749 σὲ
448 703 605 765 κοινῇ
652 695 878 766 πράξειν
925 697 1096 765 ἅπαν,
1143 696 1173 750 ὅ
1212 716 1264 749 τι
1304 695 1374 749 ἂν
1421 697 1554 766 δοκῇ
1597 693 1716 765 ἐμοὶ
1756 694 1846 748 καὶ

163 781 251 837 σοὶ
280 783 706 853 βουλευομένοις
735 783 1019 853 βέλτιστον
1052 781 1206 838 εἶναι.
1264 785 1398 838 ὥστε
1425 782 1852 853 ὑπεραβέλτεροί

161 872 304 925 εἰσιν
352 871 415 925 αἱ
458 872 761 942 προφάσεις
808 870 899 925 καὶ
949 872 1011 925 αἱ
1056 874 1252 940 αἰτίαι,
1304 869 1376 925 δι’
1431 871 1494 935 ἃς
1540 869 1706 925 οὐδέν
1753 891 1847 940 μοι

97 957 271 1030 ωφῂς
307 961 559 1029 ποιήσειν
595 970 707 1015 τῶν
748 962 993 1014 δικαίων.
1056 963 1132 1014 ἔτι
1177 961 1314 1030 πρὸς
1359 960 1572 1022 τούτοις
1617 959 1743 1027 ἡγεῖ
1776 960 1978 1014 &vum

161 1043 216 1116 μ’
247 1044 553 1118 ἐπιτρέπειν
597 1063 685 1102 σοι
714 1046 1121 1118 Ὀλυμπιόδωρε
1156 1048 1216 1102 έν
1247 1055 1320 1120 τῷ
1356 1050 1646 1121 τελευταίῳ
1672 1046 1847 1116 ἀγῶνι

161 1141 234 1207 τῷ
273 1134 398 1205 περὶ
436 1145 535 1190 τοῦ
574 1139 810 1206 κλήρου,
848 1136 880 1206 ἢ
922 1136 955 1190 ἃ
995 1140 1175 1205 ἔλεγες
1220 1138 1356 1206 πρὸς
1401 1138 1530 1199 τοὺς
1569 1136 1845 1203 δικαστὰς,

161 1225 278 1294 εἰκῇ
318 1222 519 1278 οὑτωσὶ
571 1223 781 1293 λέγειν,
830 1223 863 1293 ἢ
903 1222 1025 1292 περὶ
1067 1219 1144 1277 ὧν
1195 1224 1289 1286 τὰς
1338 1226 1639 1293 μαρτυρίας
1684 1223 1846 1292 παρέ-

162 1325 329 1382 σχου,
374 1312 547 1375 οὕτως
592 1311 661 1365 ἂν
706 1310 1110 1382 παρασχέσθαι,
1157 1314 1208 1365 εἰ
1244 1313 1316 1382 μὴ
1357 1312 1490 1381 μετὰ
1538 1319 1640 1365 σοῦ
1686 1319 1845 1381 κοινῇ

162 1403 635 1470 συνηγωνιζόμην;
683 1397 844 1462 οὗτος
889 1401 991 1469 γὰρ
1042 1396 1083 1453 ὦ
1138 1401 1336 1470 ἄνδρες
1385 1398 1634 1453 δικασταὶ
1680 1400 1746 1453 τά
1792 1397 1840 1452 τ’

95 1505 137 1537 44
161 1490 300 1543 ἄλλα
331 1493 515 1558 ἔλεγεν
549 1489 577 1542 ὅ
609 1508 660 1542 τι
693 1487 949 1558 ἐβούλετο
982 1487 1042 1542 ἐν
1073 1497 1146 1561 τῷ
1183 1490 1533 1561 δικαστηρίῳ,
1571 1486 1663 1542 καὶ
1694 1507 1846 1541 κατε-

159 1579 397 1650 χρήσατο
441 1579 578 1647 πρὸς
622 1578 750 1639 τοὺς
778 1568 1055 1639 νδικαστὰς
1100 1577 1182 1630 ὅτι
1231 1576 1335 1645 ἐγὼ
1384 1577 1484 1646 τὴν
1532 1578 1737 1645 οἰκίαν,
1776 1576 1845 1645 ἣν

160 1668 361 1736 ἔλαβον
401 1664 461 1719 ἐν
500 1673 563 1734 τῇ
611 1666 793 1734 μερίδι
840 1672 902 1733 τῇ
951 1663 1215 1733 ἐμαυτοῦ,
1262 1663 1679 1734 μεμισθωμένος
1724 1671 1844 1733 εἴην

159 1743 286 1824 παρ’
332 1743 520 1819 αὐτοῦ,
559 1750 647 1805 καὶ
694 1754 754 1806 τὸ
804 1751 1071 1822 ἀργύριον
1119 1752 1147 1806 ὃ
1197 1756 1422 1822 ἔλαβον,
1469 1754 1529 1806 τὸ
1576 1753 1745 1822 ἥμισυ
1784 1758 1845 1807 τὸ

161 1841 267 1895 ἀπὸ
306 1850 417 1894 τῶν
456 1842 647 1910 χιλίων
687 1841 947 1910 δραχμῶν
994 1850 1103 1893 τῶν
1150 1841 1296 1910 παρὰ
1334 1849 1435 1894 τοῦ
1473 1839 1715 1907 οἰκέτου,
1763 1841 1845 1895 ὅτι

161 1929 525 1998 ἐδανεισάμην
557 1930 702 1998 παρὰ
734 1930 949 1982 τούτου.
1021 1927 1109 1982 καὶ
1150 1929 1217 1982 οὐ
1255 1931 1432 1998 μόνον
1471 1932 1620 1998 ἔλεγε
1660 1938 1847 1997 ταῦτα,

160 2017 300 2072 ἀλλὰ
329 2016 418 2071 καὶ
451 2020 749 2087 μαρτυρίας
778 2022 1062 2087 παρείχετο
1095 2015 1219 2086 περὶ
1251 2018 1476 2071 τούτων.
1531 2016 1679 2086 κάγὼ
1713 2016 1838 2071 οὐδ’

161 2107 350 2161 ὁτιοῦν
403 2103 696 2173 ἀντέλεγον
751 2106 990 2173 τούτοις,
1053 2103 1171 2159 οὐδ’
1232 2104 1441 2173 ἤκουσέ
1488 2125 1596 2173 μου
1651 2107 1845 2176 φωνὴν

163 2194 346 2257 οὐδεὶς
384 2192 724 2263 ἀνθρώπιον,
771 2193 857 2246 ὅτε
908 2189 1067 2255 οὗτος
1105 2193 1423 2261 ἠγωνίζετο,
1472 2194 1596 2247 οὔτε
1644 2196 1844 2264 μικρὰν

163 2283 286 2336 οὔτε
311 2283 574 2350 μεγάλην,
605 2280 743 2333 ἀλλὰ
774 2284 1242 2351 προσωμολόγουν
1276 2281 1457 2351 ἀληθῆ
1492 2278 1632 2335 εἶναι
1663 2281 1837 2336 πάνθ’

162 2371 264 2424 ὅσα
313 2366 474 2433 οὗτος
529 2367 794 2438 ἠβούλετο
846 2367 1039 2437 λέγειν.
1119 2378 1277 2440 κοινῇ
1336 2371 1440 2439 γὰρ
1499 2370 1845 2440 ἠγωνιζόμην

97 2475 139 2507 15
162 2460 295 2529 μετὰ
335 2468 456 2527 σοῦ,
496 2460 675 2526 ὥσπερ
710 2457 896 2521 ἔδοξεν
929 2456 1047 2526 ε’μοὶ
1080 2457 1170 2511 καὶ
1210 2462 1313 2511 σοί.
1376 2456 1490 2511 ἐπεὶ
1531 2460 1581 2511 εί
1616 2461 1690 2528 μή
1730 2458 1843 2512 ἐστι

162 2544 310 2601 ταῦτ’
369 2546 574 2615 ἀληθῆ
601 2545 634 2599 ἃ
686 2544 857 2613 λέγω,
907 2546 998 2597 διὰ
1049 2549 1106 2598 τί
1151 2545 1251 2598 οὐκ
1303 2544 1689 2615 ἐπεσκηψάμην
1737 2546 1842 2615 ἐγὼ

164 2638 282 2689 τότε
319 2644 435 2698 τοῖς
473 2635 707 2704 μάρτυσι
747 2642 859 2696 τοῖς
898 2642 1065 2686 ταῦτα
1104 2642 1506 2704 μαρτυροῦσιν,
1547 2631 1665 2687 ἀλλ’
1710 2634 1844 2703 ἠσυ-

163 2726 288 2793 χίαν
325 2719 474 2793 εἶχον
512 2723 747 2790 πολλήν;
791 2720 823 2790 ἢ
857 2722 947 2774 διὰ
979 2724 1036 2774 τί
1062 2723 1130 2774 σὺ
1159 2719 1564 2790 Ὀλυμπιόδωρε
1598 2723 1842 2776 οὐδεπώ·

162 2808 297 2863 ποτέ
321 2830 414 2879 μοι
447 2812 632 2880 ἔλαχες
670 2809 910 2863 ἐνοικίου
950 2810 1119 2879 δίκην
1148 2817 1240 2877 τῆς
1280 2812 1470 2878 οἰκίας,
1509 2806 1572 2879 ἧς
1611 2813 1842 2880 ἔφασκες

162 2900 446 2966 μισθῶσαί
478 2917 572 2967 μοι
611 2898 683 2961 ὡς
729 2906 935 2951 σαυτοῦ
983 2893 1182 2962 οὖσαν,
1228 2894 1359 2951 οὐδὲ
1405 2905 1504 2951 τοῦ
1551 2897 1856 2970 ἀργυρίου,
