2035 3158
179 136 287 187 230
716 135 805 193 [ΛΤ.
846 135 1310 196 Annon->mons

179 265 279 336 μὲν
317 270 649 336 βρεχθῆναι,
694 264 784 319 καὶ
825 264 1250 335 ξηραινομένους
1296 268 1436 319 ἰδεῖν
1470 266 1675 335 αὐτὴν,
1718 263 1858 335 μηδὲ
1937 333 1945 337 η
1980 281 2033 330 ’ἴ

178 363 323 424 τρεῖς
369 355 692 422 μεδίμνους,
730 351 980 423 ἀλεύρων
1028 350 1078 406 δ’
1125 353 1197 416 ὡς
1241 352 1631 422 ἡμιμέδιμνον·
1671 353 1858 407 ἐλαίου
1990 364 1996 371 “

180 440 238 494 δ’
300 440 668 509 ἀποκλιθῆναι
731 437 832 509 μὲν
897 441 1159 509 κεράμιον
1217 441 1481 509 φάσκειν,
1542 440 1610 495 οὗ
1670 439 1858 510 μέντοι

115 545 155 576 25
179 534 381 582 παθεῖν
422 526 469 596 γ’
510 526 692 581 οὐδέν.
760 526 980 581 τοσαῦτ’
1021 524 1063 580 ὦ
1096 529 1294 597 ἄνδρες
1334 527 1581 603 δικασταὶ
1619 529 1686 581 τὰ
1724 543 1858 598 συμ-

178 614 336 686 βάντ’
382 613 451 684 ἦν
499 616 738 683 τούτοις,
793 613 924 668 ἀνθ’
972 610 1049 668 ὧν
1098 615 1202 683 ἐγὼ
1249 619 1440 686 χιλίων
1481 617 1738 686 δραχμῶν
1778 617 1858 670 δί-

179 724 281 772 κην
331 702 591 772 ἀτίμητον
637 704 840 771 φεύγω.
920 703 986 757 οὐ
1033 704 1135 772 γὰρ
1185 704 1252 772 δὴ
1306 707 1509 773 τειχιόν
1563 701 1615 772 γ’
1674 706 1726 757 εἰ
1759 722 1859 757 πα-

180 793 337 845 λαιὸν
373 790 823 863 ἐπῳκοδόμησεν,
867 789 988 859 ἐμοὶ
1029 789 1118 844 καὶ
1161 799 1320 844 τοῦτο
1367 790 1649 860 λογιστέον
1692 791 1860 860 ἐστίν,
1968 726 2035 903 ἦ

180 879 208 933 ὃ
255 877 379 949 μήτ’
427 882 581 932 ἔπεσε
631 877 754 948 μήτ’
780 881 936 933 ’ἄλλο
988 880 1174 932 δεινὸν
1220 877 1392 947 μηδὲν
1432 883 1653 933 ἔπαθεν.
1724 877 1851 933 ὥστ’
1877 896 2035 936 127ss

179 970 230 1020 εἰ
267 968 619 1037 συνεχώρουν
659 967 845 1030 αὐτοῖς
891 966 1147 1020 ἁπάντων
1186 972 1357 1029 αἴτιος
1396 964 1538 1020 εἶναι
1576 977 1685 1021 τῶν
1725 982 1861 1037 συμ·
1910 1024 1919 1029 ,
2007 918 2035 1011 j

115 1071 156 1102 26
180 1059 521 1125 βεβηκότων,
582 1056 647 1108 τά
707 1075 767 1124 γε
830 1054 1135 1125 βρεχθέντα
1197 1051 1345 1109 ταῦτ’
1412 1051 1497 1123 ἦν.
1575 1056 1735 1110 ὁπότε
1797 1052 1859 1109 δὲ
2015 1030 2035 1075 ³

179 1142 302 1213 μήτ’
361 1144 413 1208 ἐξ
465 1143 632 1213 ἀρχῆς
683 1144 712 1198 ὁ
762 1145 937 1212 πατὴρ
998 1143 1174 1211 ἠδίκει
1224 1145 1284 1196 τὸ
1340 1147 1541 1213 χωρίον
1590 1162 1861 1213 περιοικο-

181 1234 386 1301 δομῶν,
433 1230 570 1301 μήθ’
619 1227 771 1285 οὗτοι
811 1228 1018 1285 πώποτ’
1067 1231 1392 1284 ἐνεκάλεσαν
1431 1231 1697 1285 τοσούτου
1735 1234 1861 1302 χρό-

184 1339 282 1373 νου
338 1321 694 1387 διελθόντος,
758 1320 815 1372 οἴ
863 1316 914 1371 τ’
977 1320 1132 1371 ἄλλοι
1186 1319 1360 1372 πολλὰ
1416 1317 1506 1372 καὶ
1562 1319 1716 1372 δεινὰ
1768 1337 1862 1373 πε-

178 1411 449 1470 πονθότες
498 1404 671 1477 μηδὲν
722 1411 932 1475 μᾶλλον
984 1406 1312 1474 ἐγκαλοῦσιν
1364 1406 1514 1475 ἐμοί,
1558 1407 1756 1471 πάντες
1791 1406 1855 1460 θ’

180 1496 335 1564 ὑμεῖς
373 1497 432 1549 τὸ
474 1494 533 1548 ἐκ
571 1505 679 1548 τῶν
720 1497 909 1548 οἰκιῶν
956 1493 1046 1546 καὶ
1091 1496 1151 1547 τὸ
1201 1493 1257 1547 ἐκ
1305 1504 1412 1546 τῶν
1452 1498 1670 1564 χωρίων
1707 1494 1861 1566 ὕδωρ

181 1585 258 1647 εἰς
304 1584 403 1652 τὴν
452 1584 585 1637 ὁδὸν
634 1582 844 1650 ἐξάγειν
891 1583 1148 1650 εἰώθατε,
1196 1580 1316 1635 ἀλλ’
1365 1582 1431 1636 οὐ
1472 1583 1545 1650 μὰ
1585 1579 1685 1636 Δί’
1729 1585 1895 1637 εἴσω’

181 1673 240 1725 τὸ
289 1670 347 1724 ἐκ
395 1679 488 1739 τῆς
535 1671 670 1725 ὁδοῦ
719 1669 1003 1740 δέχεσθαι,
1050 1673 1106 1722 τί
1149 1671 1238 1723 δεῖ
1270 1673 1438 1723 πλείω
1478 1668 1681 1738 λέγειν;
1728 1667 1860 1724 οὐδὲ

182 1760 285 1829 γὰρ
332 1758 391 1812 ἐκ
437 1761 647 1812 τούτων
696 1759 902 1827 ἄδηλον
959 1758 1042 1810 ὅτι
1096 1768 1346 1827 φανερῶς
1395 1766 1861 1829 συκοφαντοῦμαι,

119 1864 156 1893 2ῖ
183 1844 301 1900 οὔτ’
355 1846 561 1900 ἀδικῶν
609 1843 774 1900 οὐδὲν
823 1847 945 1899 οὔτε
993 1845 1387 1915 βεβλαμμένων
1434 1847 1468 1899 ἅ
1506 1860 1693 1915 φασιν.
1767 1847 1861 1900 ἵνα

184 1933 236 1987 δ’
282 1933 465 2004 εἰδῆθ’
513 1934 596 1987 ὅτι
643 1933 732 1987 καὶ
779 1936 876 1987 τὸν
923 1935 1128 2003 χλῆδον
1177 1935 1253 1996 εἰς
1291 1935 1392 2003 τὴν
1432 1934 1566 1988 ὁδὸν
1606 1933 1862 2004 ἐκβεβλή-

182 2038 334 2091 κασι,
384 2021 474 2075 καὶ
514 2024 613 2091 τὴν
655 2022 914 2090 αἱμασιὰν
954 2024 1360 2091 προαγαγόντες
1400 2021 1723 2091 στενοτέραν
1761 2023 1862 2091 τὴν

184 2113 317 2166 ὁδὸν
377 2113 771 2180 πεποιήκασιν,
843 2113 919 2163 ἔτι
982 2107 1036 2163 δ’
1105 2111 1176 2173 ὡς
1238 2110 1405 2178 ὅρκον
1467 2108 1693 2163 ἐδίδουν
1755 2109 1862 2179 ἐγὼ

182 2208 247 2270 τῇ
297 2200 506 2253 τούτων
561 2202 746 2267 μητρί,
796 2197 886 2251 καὶ
935 2200 1035 2267 τὴν
1088 2197 1324 2267 ἐμαυτοῦ
1374 2200 1470 2252 τὸν
1518 2197 1686 2252 αὐτὸν
1734 2198 1861 2267 ὀμό-

186 2303 276 2340 σαι
325 2286 782 2356 προύκαλούμην,
839 2285 976 2355 λαβέ
1029 2306 1121 2355 μοι
1179 2286 1271 2348 τάς
1319 2304 1375 2339 τε
1425 2288 1725 2356 μαρτυρίας
1771 2284 1862 2339 καὶ

184 2377 284 2444 τὴν
323 2378 639 2444 πρόκλησιν.

644 2535 980 2576 MAPTTPIAI.
1028 2534 1400 2576 ΠΡΟΚΛΗΣῘΣ.

121 2654 162 2685 25
298 2636 432 2693 Εἶτα
471 2639 680 2692 τούτων
728 2636 1207 2707 ἀναισχυντότεροι
1254 2634 1490 2705 γένοιντ’
1536 2635 1605 2689 ἂν
1643 2636 1865 2706 ἅνθρω-

183 2746 302 2792 ποι,
342 2727 375 2796 ἢ
415 2724 880 2796 περιφανέστερον
928 2733 1425 2794 συκοφαντοῦντες,
1472 2724 1669 2786 οἵτινες
1708 2721 1863 2778 αὐτοὶ

185 2817 284 2884 τὴν
341 2815 601 2884 αἱμασιὰν
655 2816 1057 2883 προαγαγόντες
1110 2811 1198 2866 καὶ
1253 2814 1350 2882 τὴν
1405 2812 1539 2867 ὁδὸν
1593 2800 1864 2882 ἀνακεχω-

186 2905 337 2966 κότες
391 2901 593 2970 ἑτέροις
647 2901 852 2970 βλάβης
914 2902 1248 2968 δικάζονται,
1308 2899 1397 2953 καὶ
1451 2907 1618 2953 ταῦτα
1671 2901 1864 2970 χιλίων
