<?xml version="1.0" encoding="UTF-8"?>
<!DOCTYPE html PUBLIC "-//W3C//DTD XHTML 1.0 Transitional//EN"
    "http://www.w3.org/TR/xhtml1/DTD/xhtml1-transitional.dtd">
<html xmlns="http://www.w3.org/1999/xhtml" xml:lang="en" lang="en">
 <head>
  <title>
</title>
<meta http-equiv="Content-Type" content="text/html;charset=utf-8" />
  <meta name='ocr-system' content='tesseract 3.04.00' />
  <meta name='ocr-capabilities' content='ocr_page ocr_carea ocr_par ocr_line ocrx_word'/>
</head>
<body>
  <div class='ocr_page' id='page_1' title='image "./p1orationesexrecen03demouoft_0063.png"; bbox 0 0 2035 3158; ppageno 0'>
   <div class='ocr_carea' id='block_1_1' title="bbox 718 151 1802 205">
    <p class='ocr_par' dir='ltr' id='par_1_1' title="bbox 718 151 1802 205">
     <span class='ocr_line' id='line_1_1' title="bbox 718 151 1802 205; baseline 0.005 -9"><span class='ocrx_word' id='word_1_1' title='bbox 718 156 879 198; x_wconf 77' lang='grc' dir='ltr'><strong>ΠΡΟΣ</strong></span> <span class='ocrx_word' id='word_1_2' title='bbox 911 156 1211 198; x_wconf 64' lang='grc' dir='ltr'><em>ΛΕῼΧΑΡΗ.</em></span> <span class='ocrx_word' id='word_1_3' title='bbox 1734 151 1802 205; x_wconf 83' lang='grc'><em>57</em></span> 
     </span>
    </p>
   </div>
   <div class='ocr_carea' id='block_1_2' title="bbox 125 285 1809 622">
    <p class='ocr_par' dir='ltr' id='par_1_2' title="bbox 125 285 1809 622">
     <span class='ocr_line' id='line_1_2' title="bbox 125 285 1809 362; baseline -0.002 -19"><span class='ocrx_word' id='word_1_4' title='bbox 125 298 198 362; x_wconf 75' lang='grc' dir='ltr'><em>τῷ</em></span> <span class='ocrx_word' id='word_1_5' title='bbox 244 289 500 361; x_wconf 74' lang='grc' dir='ltr'><em>’Ἀρχιάδῃ</em></span> <span class='ocrx_word' id='word_1_6' title='bbox 549 289 705 343; x_wconf 64' lang='grc' dir='ltr'><em>υίόν·»</em></span> <span class='ocrx_word' id='word_1_7' title='bbox 757 287 945 357; x_wconf 76' lang='grc' dir='ltr'><em>ἐπειδὴ</em></span> <span class='ocrx_word' id='word_1_8' title='bbox 1004 285 1053 340; x_wconf 86' lang='grc' dir='ltr'><em>δ’</em></span> <span class='ocrx_word' id='word_1_9' title='bbox 1111 288 1264 357; x_wconf 79' lang='grc' dir='ltr'><em>ἡμεῖς</em></span> <span class='ocrx_word' id='word_1_10' title='bbox 1321 297 1605 356; x_wconf 77' lang='grc' dir='ltr'><em>συγγενεῖς</em></span> <span class='ocrx_word' id='word_1_11' title='bbox 1654 288 1809 350; x_wconf 78' lang='grc' dir='ltr'><em>ὄντες</em></span> 
     </span>
     <span class='ocr_line' id='line_1_3' title="bbox 126 372 1808 446; baseline -0.001 -17"><span class='ocrx_word' id='word_1_12' title='bbox 126 377 330 446; x_wconf 74' lang='grc' dir='ltr'><em>ἥκομεν</em></span> <span class='ocrx_word' id='word_1_13' title='bbox 368 377 444 438; x_wconf 81' lang='grc' dir='ltr'><em>εἰς</em></span> <span class='ocrx_word' id='word_1_14' title='bbox 481 376 542 429; x_wconf 86' lang='grc' dir='ltr'><em>τὸ</em></span> <span class='ocrx_word' id='word_1_15' title='bbox 582 372 769 444; x_wconf 84' lang='grc' dir='ltr'><em>μέσον,</em></span> <span class='ocrx_word' id='word_1_16' title='bbox 807 382 1103 443; x_wconf 87' lang='grc' dir='ltr'><em>τηνικαῦτα</em></span> <span class='ocrx_word' id='word_1_17' title='bbox 1143 375 1405 443; x_wconf 84' lang='grc' dir='ltr'><em>εἰσποεῖς,</em></span> <span class='ocrx_word' id='word_1_18' title='bbox 1444 375 1536 427; x_wconf 79' lang='grc' dir='ltr'><em>ἵνα</em></span> <span class='ocrx_word' id='word_1_19' title='bbox 1575 375 1676 443; x_wconf 85' lang='grc' dir='ltr'><em>τὴν</em></span> <span class='ocrx_word' id='word_1_20' title='bbox 1715 375 1808 428; x_wconf 73' lang='grc' dir='ltr'><em>οὐ·</em></span> 
     </span>
     <span class='ocr_line' id='line_1_4' title="bbox 127 458 1808 534; baseline -0.001 -19"><span class='ocrx_word' id='word_1_21' title='bbox 127 468 252 518; x_wconf 87' lang='grc' dir='ltr'><em>σίαν</em></span> <span class='ocrx_word' id='word_1_22' title='bbox 290 464 570 534; x_wconf 78' lang='grc' dir='ltr'><em>κατάσχῃς.</em></span> <span class='ocrx_word' id='word_1_23' title='bbox 632 460 723 516; x_wconf 88' lang='grc' dir='ltr'><em>καὶ</em></span> <span class='ocrx_word' id='word_1_24' title='bbox 761 460 870 533; x_wconf 80' lang='grc' dir='ltr'><em>φῂς</em></span> <span class='ocrx_word' id='word_1_25' title='bbox 909 458 1009 530; x_wconf 75' lang='grc' dir='ltr'><em>μὲν</em></span> <span class='ocrx_word' id='word_1_26' title='bbox 1042 459 1208 515; x_wconf 74' lang='grc' dir='ltr'><em>οὐδὲν</em></span> <span class='ocrx_word' id='word_1_27' title='bbox 1240 458 1381 515; x_wconf 83' lang='grc' dir='ltr'><em>εἶναι</em></span> <span class='ocrx_word' id='word_1_28' title='bbox 1421 468 1495 534; x_wconf 76' lang='grc' dir='ltr'><em>τῷ</em></span> <span class='ocrx_word' id='word_1_29' title='bbox 1531 459 1808 533; x_wconf 76' lang='grc' dir='ltr'><em>Ἀρχιάδῃ,</em></span> 
     </span>
     <span class='ocr_line' id='line_1_5' title="bbox 126 547 1808 622; baseline -0.002 -16"><span class='ocrx_word' id='word_1_30' title='bbox 126 554 260 622; x_wconf 78' lang='grc' dir='ltr'><em>πρὸς</em></span> <span class='ocrx_word' id='word_1_31' title='bbox 298 550 363 606; x_wconf 75' lang='grc' dir='ltr'><em>ὃν</em></span> <span class='ocrx_word' id='word_1_32' title='bbox 401 552 776 619; x_wconf 77' lang='grc' dir='ltr'><em>εἰσεποιήθης,</em></span> <span class='ocrx_word' id='word_1_33' title='bbox 823 551 1206 619; x_wconf 74' lang='grc' dir='ltr'><em>διαμαρτυρεῖς</em></span> <span class='ocrx_word' id='word_1_34' title='bbox 1254 547 1314 604; x_wconf 73' lang='grc' dir='ltr'><em>δὲ</em></span> <span class='ocrx_word' id='word_1_35' title='bbox 1360 552 1495 620; x_wconf 84' lang='grc' dir='ltr'><em>πρὸς</em></span> <span class='ocrx_word' id='word_1_36' title='bbox 1534 549 1698 618; x_wconf 83' lang='grc' dir='ltr'><em>ἡμᾶς,</em></span> <span class='ocrx_word' id='word_1_37' title='bbox 1747 552 1808 603; x_wconf 87' lang='grc' dir='ltr'><em>τὸ</em></span> 
     </span>
    </p>
   </div>
   <div class='ocr_carea' id='block_1_3' title="bbox 126 634 1942 708">
    <p class='ocr_par' dir='ltr' id='par_1_3' title="bbox 126 634 1942 708">
     <span class='ocr_line' id='line_1_6' title="bbox 126 634 1942 708; baseline -0.004 -16"><span class='ocrx_word' id='word_1_38' title='bbox 126 640 571 708; x_wconf 85' lang='grc' dir='ltr'><em>ὁμολογούμενον</em></span> <span class='ocrx_word' id='word_1_39' title='bbox 617 636 775 706; x_wconf 84' lang='grc' dir='ltr'><em>γένος</em></span> <span class='ocrx_word' id='word_1_40' title='bbox 811 634 1149 701; x_wconf 63' lang='grc' dir='ltr'><em>ἐξελαύνων·</em></span> <span class='ocrx_word' id='word_1_41' title='bbox 1189 639 1242 690; x_wconf 78' lang='grc' dir='ltr'><em>εἰ</em></span> <span class='ocrx_word' id='word_1_42' title='bbox 1290 637 1391 707; x_wconf 79' lang='grc' dir='ltr'><em>γὰρ</em></span> <span class='ocrx_word' id='word_1_43' title='bbox 1439 636 1613 707; x_wconf 76' lang='grc' dir='ltr'><em>μηδέν</em></span> <span class='ocrx_word' id='word_1_44' title='bbox 1661 636 1808 690; x_wconf 79' lang='grc' dir='ltr'><em>ἐστιν</em></span> <span class='ocrx_word' id='word_1_45' title='bbox 1828 647 1942 686; x_wconf 63' lang='grc'><em>1039</em></span> 
     </span>
    </p>
   </div>
   <div class='ocr_carea' id='block_1_4' title="bbox 122 725 1815 3003">
    <p class='ocr_par' dir='ltr' id='par_1_4' title="bbox 122 725 1815 2383">
     <span class='ocr_line' id='line_1_7' title="bbox 126 725 1807 800; baseline -0.001 -20"><span class='ocrx_word' id='word_1_46' title='bbox 126 729 185 780; x_wconf 84' lang='grc' dir='ltr'><em>ἐν</em></span> <span class='ocrx_word' id='word_1_47' title='bbox 224 735 297 800; x_wconf 78' lang='grc' dir='ltr'><em>τῷ</em></span> <span class='ocrx_word' id='word_1_48' title='bbox 338 733 496 800; x_wconf 78' lang='grc' dir='ltr'><em>οἴκῳ,</em></span> <span class='ocrx_word' id='word_1_49' title='bbox 546 729 602 780; x_wconf 89' lang='grc' dir='ltr'><em>τί</em></span> <span class='ocrx_word' id='word_1_50' title='bbox 637 728 706 780; x_wconf 83' lang='grc' dir='ltr'><em>σὺ</em></span> <span class='ocrx_word' id='word_1_51' title='bbox 747 725 964 779; x_wconf 76' lang='grc' dir='ltr'><em>ἐλαττοῖ</em></span> <span class='ocrx_word' id='word_1_52' title='bbox 1007 733 1104 778; x_wconf 91' lang='grc' dir='ltr'><em>τοῦ</em></span> <span class='ocrx_word' id='word_1_53' title='bbox 1144 727 1379 794; x_wconf 88' lang='grc' dir='ltr'><em>μηδενὸς</em></span> <span class='ocrx_word' id='word_1_54' title='bbox 1418 725 1573 794; x_wconf 83' lang='grc' dir='ltr'><em>ἡμῶν</em></span> <span class='ocrx_word' id='word_1_55' title='bbox 1613 730 1807 794; x_wconf 82' lang='grc' dir='ltr'><em>κληρο-</em></span> 
     </span>
     <span class='ocr_line' id='line_1_8' title="bbox 125 812 1809 884; baseline -0.001 -16"><span class='ocrx_word' id='word_1_56' title='bbox 125 816 507 884; x_wconf 75' lang='grc' dir='ltr'><em>νομησάντωνς</em></span> <span class='ocrx_word' id='word_1_57' title='bbox 568 813 706 867; x_wconf 80' lang='grc' dir='ltr'><em>ἀλλὰ</em></span> <span class='ocrx_word' id='word_1_58' title='bbox 758 815 860 882; x_wconf 84' lang='grc' dir='ltr'><em>γὰρ</em></span> <span class='ocrx_word' id='word_1_59' title='bbox 916 814 943 882; x_wconf 80' lang='grc' dir='ltr'>ἡ</span> <span class='ocrx_word' id='word_1_60' title='bbox 996 812 1246 866; x_wconf 80' lang='grc' dir='ltr'><em>ἀναίδεια</em></span> <span class='ocrx_word' id='word_1_61' title='bbox 1301 813 1389 866; x_wconf 85' lang='grc' dir='ltr'><em>καὶ</em></span> <span class='ocrx_word' id='word_1_62' title='bbox 1439 814 1472 882; x_wconf 83' lang='grc' dir='ltr'>ἡ</span> <span class='ocrx_word' id='word_1_63' title='bbox 1525 814 1809 879; x_wconf 80' lang='grc' dir='ltr'><em>πλεονεξία</em></span> 
     </span>
     <span class='ocr_line' id='line_1_9' title="bbox 123 898 1808 973; baseline 0 -17"><span class='ocrx_word' id='word_1_64' title='bbox 123 904 346 973; x_wconf 79' lang='grc' dir='ltr'><em>τοιαύτη</em></span> <span class='ocrx_word' id='word_1_65' title='bbox 380 902 528 956; x_wconf 79' lang='grc' dir='ltr'><em>ἐστὶν</em></span> <span class='ocrx_word' id='word_1_66' title='bbox 559 902 730 956; x_wconf 86' lang='grc' dir='ltr'><em>αὐτοῦ</em></span> <span class='ocrx_word' id='word_1_67' title='bbox 763 898 804 954; x_wconf 79' lang='grc' dir='ltr'><em>ὦ</em></span> <span class='ocrx_word' id='word_1_68' title='bbox 837 902 1035 971; x_wconf 78' lang='grc' dir='ltr'><em>ἄνδρες</em></span> <span class='ocrx_word' id='word_1_69' title='bbox 1068 903 1334 967; x_wconf 85' lang='grc' dir='ltr'><em>δικασταί,</em></span> <span class='ocrx_word' id='word_1_70' title='bbox 1376 899 1513 955; x_wconf 81' lang='grc' dir='ltr'><em>ὥσθ’</em></span> <span class='ocrx_word' id='word_1_71' title='bbox 1551 903 1808 972; x_wconf 80' lang='grc' dir='ltr'><em>ἡγεῖσθαι</em></span> 
     </span>
     <span class='ocr_line' id='line_1_10' title="bbox 125 988 1810 1062; baseline -0.001 -17"><span class='ocrx_word' id='word_1_72' title='bbox 125 993 243 1045; x_wconf 89' lang='grc' dir='ltr'><em>δεῖν</em></span> <span class='ocrx_word' id='word_1_73' title='bbox 282 991 342 1044; x_wconf 79' lang='grc' dir='ltr'><em>ἐν</em></span> <span class='ocrx_word' id='word_1_74' title='bbox 376 988 731 1053; x_wconf 76' lang='grc' dir='ltr'><em>Ἐλευσινίοις</em></span> <span class='ocrx_word' id='word_1_75' title='bbox 777 1009 832 1044; x_wconf 90' lang='grc' dir='ltr'><em>τε</em></span> <span class='ocrx_word' id='word_1_76' title='bbox 872 991 983 1059; x_wconf 70' lang='grc' dir='ltr'><em>’τὴν</em></span> <span class='ocrx_word' id='word_1_77' title='bbox 1029 988 1291 1062; x_wconf 70' lang='grc' dir='ltr'><em>πατρῴαν</em></span> <span class='ocrx_word' id='word_1_78' title='bbox 1339 990 1557 1044; x_wconf 74' lang='grc' dir='ltr'><em>οὐσίαν</em></span> <span class='ocrx_word' id='word_1_79' title='bbox 1586 991 1810 1045; x_wconf 83' lang='grc' dir='ltr'><em>ε’πανελ-</em></span> 
     </span>
     <span class='ocr_line' id='line_1_11' title="bbox 122 1075 1811 1153; baseline 0.001 -21"><span class='ocrx_word' id='word_1_80' title='bbox 122 1080 246 1132; x_wconf 84' lang='grc' dir='ltr'><em>θὼν</em></span> <span class='ocrx_word' id='word_1_81' title='bbox 286 1082 449 1149; x_wconf 85' lang='grc' dir='ltr'><em>ἔχειν,</em></span> <span class='ocrx_word' id='word_1_82' title='bbox 488 1075 574 1149; x_wconf 81' lang='grc' dir='ltr'><em>ἐφ’</em></span> <span class='ocrx_word' id='word_1_83' title='bbox 620 1079 654 1132; x_wconf 80' lang='grc' dir='ltr'>ἅ</span> <span class='ocrx_word' id='word_1_84' title='bbox 693 1076 738 1132; x_wconf 86' lang='grc' dir='ltr'><em>τ’</em></span> <span class='ocrx_word' id='word_1_85' title='bbox 777 1080 1118 1147; x_wconf 70' lang='grc' dir='ltr'><em>εἰσεποιήθη,</em></span> <span class='ocrx_word' id='word_1_86' title='bbox 1158 1080 1230 1147; x_wconf 89' lang='grc' dir='ltr'><em>μὴ</em></span> <span class='ocrx_word' id='word_1_87' title='bbox 1264 1080 1421 1140; x_wconf 78' lang='grc' dir='ltr'><em>ὄντος</em></span> <span class='ocrx_word' id='word_1_88' title='bbox 1462 1078 1521 1132; x_wconf 81' lang='grc' dir='ltr'><em>ἐν</em></span> <span class='ocrx_word' id='word_1_89' title='bbox 1560 1086 1634 1151; x_wconf 78' lang='grc' dir='ltr'><em>τςό</em></span> <span class='ocrx_word' id='word_1_90' title='bbox 1677 1085 1811 1153; x_wconf 73' lang='grc' dir='ltr'><em>οἴκῳ</em></span> 
     </span>
     <span class='ocr_line' id='line_1_12' title="bbox 128 1164 1808 1236; baseline -0.001 -15"><span class='ocrx_word' id='word_1_91' title='bbox 128 1168 270 1232; x_wconf 67' lang='grc' dir='ltr'><em>υἱοῦ,</em></span> <span class='ocrx_word' id='word_1_92' title='bbox 308 1166 398 1220; x_wconf 85' lang='grc' dir='ltr'><em>καὶ</em></span> <span class='ocrx_word' id='word_1_93' title='bbox 438 1168 649 1220; x_wconf 89' lang='grc' dir='ltr'><em>τούτων</em></span> <span class='ocrx_word' id='word_1_94' title='bbox 697 1168 886 1236; x_wconf 87' lang='grc' dir='ltr'><em>κύριος</em></span> <span class='ocrx_word' id='word_1_95' title='bbox 931 1168 1208 1235; x_wconf 83' lang='grc' dir='ltr'><em>γενέσθαι.</em></span> <span class='ocrx_word' id='word_1_96' title='bbox 1280 1164 1368 1219; x_wconf 83' lang='grc' dir='ltr'><em>καὶ</em></span> <span class='ocrx_word' id='word_1_97' title='bbox 1417 1175 1584 1219; x_wconf 78' lang='grc' dir='ltr'><em>ταῦτα</em></span> <span class='ocrx_word' id='word_1_98' title='bbox 1631 1167 1808 1222; x_wconf 84' lang='grc' dir='ltr'><em>πάντα</em></span> 
     </span>
     <span class='ocr_line' id='line_1_13' title="bbox 124 1253 1810 1327; baseline 0 -19"><span class='ocrx_word' id='word_1_99' title='bbox 124 1255 326 1327; x_wconf 76' lang='grc' dir='ltr'><em>ῥᾳδίως</em></span> <span class='ocrx_word' id='word_1_100' title='bbox 367 1256 673 1308; x_wconf 71' lang='grc' dir='ltr'><em>διοικεῖται*</em></span> <span class='ocrx_word' id='word_1_101' title='bbox 713 1257 848 1325; x_wconf 88' lang='grc' dir='ltr'><em>πρὸς</em></span> <span class='ocrx_word' id='word_1_102' title='bbox 887 1256 990 1323; x_wconf 82' lang='grc' dir='ltr'><em>γὰρ</em></span> <span class='ocrx_word' id='word_1_103' title='bbox 1031 1254 1362 1325; x_wconf 76' lang='grc' dir='ltr'><em>ἀνθρώπους</em></span> <span class='ocrx_word' id='word_1_104' title='bbox 1405 1254 1540 1323; x_wconf 80' lang='grc' dir='ltr'><em>ἡμᾶς</em></span> <span class='ocrx_word' id='word_1_105' title='bbox 1578 1253 1810 1324; x_wconf 80' lang='grc' dir='ltr'><em>πένητας</em></span> 
     </span>
     <span class='ocr_line' id='line_1_14' title="bbox 124 1342 1809 1413; baseline 0.001 -17"><span class='ocrx_word' id='word_1_106' title='bbox 124 1342 213 1396; x_wconf 88' lang='grc' dir='ltr'><em>καὶ</em></span> <span class='ocrx_word' id='word_1_107' title='bbox 268 1343 575 1406; x_wconf 79' lang='grc' dir='ltr'><em>ἀδυνάτους</em></span> <span class='ocrx_word' id='word_1_108' title='bbox 635 1346 776 1413; x_wconf 82' lang='grc' dir='ltr'><em>ἔχων</em></span> <span class='ocrx_word' id='word_1_109' title='bbox 839 1342 1154 1396; x_wconf 82' lang='grc' dir='ltr'><em>ἀναλίσκειν</em></span> <span class='ocrx_word' id='word_1_110' title='bbox 1219 1343 1277 1396; x_wconf 80' lang='grc' dir='ltr'><em>ἐκ</em></span> <span class='ocrx_word' id='word_1_111' title='bbox 1340 1353 1448 1395; x_wconf 84' lang='grc' dir='ltr'><em>τῶν</em></span> <span class='ocrx_word' id='word_1_112' title='bbox 1504 1342 1809 1413; x_wconf 79' lang='grc' dir='ltr'><em>ἀλλοτρίων</em></span> 
     </span>
     <span class='ocr_line' id='line_1_15' title="bbox 124 1428 1810 1500; baseline -0.001 -16"><span class='ocrx_word' id='word_1_113' title='bbox 124 1433 264 1484; x_wconf 85' lang='grc' dir='ltr'><em>πολὺ</em></span> <span class='ocrx_word' id='word_1_114' title='bbox 302 1435 592 1499; x_wconf 84' lang='grc' dir='ltr'><em>περίεστιν.</em></span> <span class='ocrx_word' id='word_1_115' title='bbox 663 1433 854 1499; x_wconf 89' lang='grc' dir='ltr'><em>διόπερ</em></span> <span class='ocrx_word' id='word_1_116' title='bbox 897 1428 1047 1499; x_wconf 83' lang='grc' dir='ltr'><em>οἶμαι</em></span> <span class='ocrx_word' id='word_1_117' title='bbox 1087 1431 1226 1499; x_wconf 84' lang='grc' dir='ltr'><em>ὑμᾶς</em></span> <span class='ocrx_word' id='word_1_118' title='bbox 1267 1432 1383 1484; x_wconf 90' lang='grc' dir='ltr'><em>δεῖν</em></span> <span class='ocrx_word' id='word_1_119' title='bbox 1423 1434 1657 1500; x_wconf 84' lang='grc' dir='ltr'><em>βοηθεῖν</em></span> <span class='ocrx_word' id='word_1_120' title='bbox 1695 1439 1810 1494; x_wconf 87' lang='grc' dir='ltr'><em>τοῖς</em></span> 
     </span>
     <span class='ocr_line' id='line_1_16' title="bbox 124 1516 1811 1588; baseline 0.001 -17"><span class='ocrx_word' id='word_1_121' title='bbox 124 1521 195 1588; x_wconf 82' lang='grc' dir='ltr'><em>μὴ</em></span> <span class='ocrx_word' id='word_1_122' title='bbox 243 1523 633 1588; x_wconf 81' lang='grc' dir='ltr'><em>πλεονεκτῆσαί</em></span> <span class='ocrx_word' id='word_1_123' title='bbox 678 1540 729 1572; x_wconf 87' lang='grc' dir='ltr'><em>τι</em></span> <span class='ocrx_word' id='word_1_124' title='bbox 776 1518 1164 1588; x_wconf 75' lang='grc' dir='ltr'><em>βουλομένοις,</em></span> <span class='ocrx_word' id='word_1_125' title='bbox 1213 1516 1330 1572; x_wconf 80' lang='grc' dir='ltr'><em>ἀλλ’</em></span> <span class='ocrx_word' id='word_1_126' title='bbox 1377 1518 1663 1587; x_wconf 78' lang='grc' dir='ltr'><em>ἀγαπῶσιν</em></span> <span class='ocrx_word' id='word_1_127' title='bbox 1713 1519 1811 1572; x_wconf 88' lang='grc' dir='ltr'><em>ε’άν</em></span> 
     </span>
     <span class='ocr_line' id='line_1_17' title="bbox 122 1607 1812 1679; baseline 0.001 -19"><span class='ocrx_word' id='word_1_128' title='bbox 122 1627 203 1670; x_wconf 78' lang='grc' dir='ltr'><em>τις</em></span> <span class='ocrx_word' id='word_1_129' title='bbox 239 1607 379 1676; x_wconf 79' lang='grc' dir='ltr'><em>ἡμᾶς</em></span> <span class='ocrx_word' id='word_1_130' title='bbox 418 1617 526 1661; x_wconf 88' lang='grc' dir='ltr'><em>τῶν</em></span> <span class='ocrx_word' id='word_1_131' title='bbox 565 1611 752 1677; x_wconf 69' lang='grc' dir='ltr'><em>Ινόμων</em></span> <span class='ocrx_word' id='word_1_132' title='bbox 793 1607 855 1679; x_wconf 80' lang='grc' dir='ltr'><em>ἐᾷ</em></span> <span class='ocrx_word' id='word_1_133' title='bbox 895 1608 1201 1677; x_wconf 78' lang='grc' dir='ltr'><em>τυγχάνειν.</em></span> <span class='ocrx_word' id='word_1_134' title='bbox 1271 1610 1327 1660; x_wconf 92' lang='grc' dir='ltr'><em>τί</em></span> <span class='ocrx_word' id='word_1_135' title='bbox 1362 1608 1464 1677; x_wconf 81' lang='grc' dir='ltr'><em>γὰρ</em></span> <span class='ocrx_word' id='word_1_136' title='bbox 1506 1609 1595 1662; x_wconf 90' lang='grc' dir='ltr'><em>δεῖ</em></span> <span class='ocrx_word' id='word_1_137' title='bbox 1628 1617 1812 1661; x_wconf 86' lang='grc' dir='ltr'><em>ποιεῖν</em></span> 
     </span>
     <span class='ocr_line' id='line_1_18' title="bbox 125 1691 1808 1766; baseline 0.001 -19"><span class='ocrx_word' id='word_1_138' title='bbox 125 1696 261 1764; x_wconf 78' lang='grc' dir='ltr'><em>ἡμᾶς</em></span> <span class='ocrx_word' id='word_1_139' title='bbox 300 1691 342 1748; x_wconf 82' lang='grc' dir='ltr'><em>ὦ</em></span> <span class='ocrx_word' id='word_1_140' title='bbox 383 1697 580 1766; x_wconf 74' lang='grc' dir='ltr'><em>ἄνδρες</em></span> <span class='ocrx_word' id='word_1_141' title='bbox 612 1697 884 1760; x_wconf 74' lang='grc' dir='ltr'><em>δικασταίς</em></span> <span class='ocrx_word' id='word_1_142' title='bbox 926 1697 1016 1749; x_wconf 82' lang='grc' dir='ltr'><em>διὰ</em></span> <span class='ocrx_word' id='word_1_143' title='bbox 1049 1705 1215 1764; x_wconf 85' lang='grc' dir='ltr'><em>τριῶν</em></span> <span class='ocrx_word' id='word_1_144' title='bbox 1247 1703 1341 1764; x_wconf 84' lang='grc' dir='ltr'><em>τῆς</em></span> <span class='ocrx_word' id='word_1_145' title='bbox 1371 1698 1618 1764; x_wconf 87' lang='grc' dir='ltr'><em>ποήσεως</em></span> <span class='ocrx_word' id='word_1_146' title='bbox 1650 1695 1808 1766; x_wconf 83' lang='grc' dir='ltr'><em>ἐμμε-</em></span> 
     </span>
     <span class='ocr_line' id='line_1_19' title="bbox 123 1783 1811 1854; baseline 0.001 -19"><span class='ocrx_word' id='word_1_147' title='bbox 123 1785 354 1853; x_wconf 83' lang='grc' dir='ltr'><em>νούσης,</em></span> <span class='ocrx_word' id='word_1_148' title='bbox 392 1783 482 1840; x_wconf 84' lang='grc' dir='ltr'><em>καὶ</em></span> <span class='ocrx_word' id='word_1_149' title='bbox 519 1793 618 1838; x_wconf 85' lang='grc' dir='ltr'><em>τοῦ</em></span> <span class='ocrx_word' id='word_1_150' title='bbox 657 1788 972 1838; x_wconf 80' lang='grc' dir='ltr'><em>τελευταίου</em></span> <span class='ocrx_word' id='word_1_151' title='bbox 1013 1783 1563 1854; x_wconf 78' lang='grc' dir='ltr'><em>ἐγκαταλειφθέντος,</em></span> <span class='ocrx_word' id='word_1_152' title='bbox 1609 1786 1811 1838; x_wconf 91' lang='grc' dir='ltr'><em>τούτου</em></span> 
     </span>
     <span class='ocr_line' id='line_1_20' title="bbox 124 1870 1803 1942; baseline 0.001 -18"><span class='ocrx_word' id='word_1_153' title='bbox 124 1874 353 1935; x_wconf 68' lang='grc' dir='ltr'><em>ἄπαιδος</em></span> <span class='ocrx_word' id='word_1_154' title='bbox 406 1876 871 1941; x_wconf 85' lang='grc' dir='ltr'><em>τετελευτηκότος,</em></span> <span class='ocrx_word' id='word_1_155' title='bbox 932 1874 1003 1941; x_wconf 91' lang='grc' dir='ltr'><em>μὴ</em></span> <span class='ocrx_word' id='word_1_156' title='bbox 1066 1876 1400 1942; x_wconf 84' lang='grc' dir='ltr'><em>κομίσασθαι</em></span> <span class='ocrx_word' id='word_1_157' title='bbox 1463 1872 1527 1924; x_wconf 81' lang='grc' dir='ltr'><em>τὰ</em></span> <span class='ocrx_word' id='word_1_158' title='bbox 1588 1870 1803 1941; x_wconf 76' lang='grc' dir='ltr'><em>ἡμέτερ’</em></span> 
     </span>
     <span class='ocr_line' id='line_1_21' title="bbox 124 1959 1812 2034; baseline 0 -21"><span class='ocrx_word' id='word_1_159' title='bbox 124 1961 307 2014; x_wconf 83' lang='grc' dir='ltr'><em>αὐτῶν</em></span> <span class='ocrx_word' id='word_1_160' title='bbox 355 1964 534 2034; x_wconf 77' lang='grc' dir='ltr'><em>χρόνῳ</em></span> <span class='ocrx_word' id='word_1_161' title='bbox 581 1959 736 2026; x_wconf 79' lang='grc' dir='ltr'><em>ποτέ;</em></span> <span class='ocrx_word' id='word_1_162' title='bbox 785 1970 946 2015; x_wconf 88' lang='grc' dir='ltr'><em>τοῦτο</em></span> <span class='ocrx_word' id='word_1_163' title='bbox 993 1965 1185 2015; x_wconf 90' lang='grc' dir='ltr'><em>τοίνυν</em></span> <span class='ocrx_word' id='word_1_164' title='bbox 1233 1964 1448 2032; x_wconf 80' lang='grc' dir='ltr'><em>ἔχοντες</em></span> <span class='ocrx_word' id='word_1_165' title='bbox 1494 1961 1554 2014; x_wconf 88' lang='grc' dir='ltr'><em>τὸ</em></span> <span class='ocrx_word' id='word_1_166' title='bbox 1595 1962 1812 2014; x_wconf 87' lang='grc' dir='ltr'><em>δίκαιον</em></span> 
     </span>
     <span class='ocr_line' id='line_1_22' title="bbox 126 2046 1810 2120; baseline -0.001 -17"><span class='ocrx_word' id='word_1_167' title='bbox 126 2049 389 2120; x_wconf 78' lang='grc' dir='ltr'><em>ἐλάχομεν</em></span> <span class='ocrx_word' id='word_1_168' title='bbox 443 2057 541 2103; x_wconf 86' lang='grc' dir='ltr'><em>τοῦ</em></span> <span class='ocrx_word' id='word_1_169' title='bbox 594 2052 801 2119; x_wconf 82' lang='grc' dir='ltr'><em>κλήρου</em></span> <span class='ocrx_word' id='word_1_170' title='bbox 855 2053 990 2119; x_wconf 89' lang='grc' dir='ltr'><em>πρὸς</em></span> <span class='ocrx_word' id='word_1_171' title='bbox 1035 2051 1133 2104; x_wconf 89' lang='grc' dir='ltr'><em>τὸν</em></span> <span class='ocrx_word' id='word_1_172' title='bbox 1188 2051 1441 2120; x_wconf 76' lang='grc' dir='ltr'><em>ἄρχοντα.</em></span> <span class='ocrx_word' id='word_1_173' title='bbox 1520 2046 1710 2103; x_wconf 86' lang='grc' dir='ltr'><em>οὑτοσὶ</em></span> <span class='ocrx_word' id='word_1_174' title='bbox 1749 2046 1810 2103; x_wconf 72' lang='grc' dir='ltr'><em>δὲ</em></span> 
     </span>
     <span class='ocr_line' id='line_1_23' title="bbox 127 2139 1809 2208; baseline 0.001 -18"><span class='ocrx_word' id='word_1_175' title='bbox 127 2139 420 2208; x_wconf 73' lang='grc' dir='ltr'><em>Λεωχάρης</em></span> <span class='ocrx_word' id='word_1_176' title='bbox 465 2147 745 2207; x_wconf 81' lang='grc' dir='ltr'><em>προπετῶς</em></span> <span class='ocrx_word' id='word_1_177' title='bbox 793 2140 1234 2208; x_wconf 82' lang='grc' dir='ltr'><em>διαμαρτυρήσας</em></span> <span class='ocrx_word' id='word_1_178' title='bbox 1284 2139 1348 2191; x_wconf 83' lang='grc' dir='ltr'><em>τὰ</em></span> <span class='ocrx_word' id='word_1_179' title='bbox 1387 2139 1594 2205; x_wconf 81' lang='grc' dir='ltr'><em>ψευδῆ,</em></span> <span class='ocrx_word' id='word_1_180' title='bbox 1640 2143 1809 2191; x_wconf 81' lang='grc' dir='ltr'><em>οἴεται</em></span> 
     </span>
     <span class='ocr_line' id='line_1_24' title="bbox 127 2225 1815 2295; baseline 0.003 -21"><span class='ocrx_word' id='word_1_181' title='bbox 127 2227 246 2278; x_wconf 85' lang='grc' dir='ltr'><em>δεῖν</em></span> <span class='ocrx_word' id='word_1_182' title='bbox 284 2227 428 2295; x_wconf 77' lang='grc' dir='ltr'><em>παρὰ</em></span> <span class='ocrx_word' id='word_1_183' title='bbox 467 2227 672 2289; x_wconf 88' lang='grc' dir='ltr'><em>πάντας</em></span> <span class='ocrx_word' id='word_1_184' title='bbox 717 2229 845 2290; x_wconf 87' lang='grc' dir='ltr'><em>τοὺς</em></span> <span class='ocrx_word' id='word_1_185' title='bbox 890 2229 1096 2295; x_wconf 86' lang='grc' dir='ltr'><em>νόμους</em></span> <span class='ocrx_word' id='word_1_186' title='bbox 1136 2226 1501 2295; x_wconf 82' lang='grc' dir='ltr'><em>ἀποστερῆσαι</em></span> <span class='ocrx_word' id='word_1_187' title='bbox 1541 2225 1681 2295; x_wconf 82' lang='grc' dir='ltr'><em>ἡμᾶς</em></span> <span class='ocrx_word' id='word_1_188' title='bbox 1717 2234 1815 2294; x_wconf 79' lang='grc' dir='ltr'><em>τῆς</em></span> 
     </span>
     <span class='ocr_line' id='line_1_25' title="bbox 125 2318 505 2383; baseline 0.003 -17"><span class='ocrx_word' id='word_1_189' title='bbox 125 2318 505 2383; x_wconf 80' lang='grc' dir='ltr'><em>κληρονομίας.</em></span> 
     </span>
    </p>

    <p class='ocr_par' dir='ltr' id='par_1_5' title="bbox 125 2399 1815 3003">
     <span class='ocr_line' id='line_1_26' title="bbox 236 2399 1811 2473; baseline 0.001 -18"><span class='ocrx_word' id='word_1_190' title='bbox 236 2406 472 2471; x_wconf 81' lang='grc' dir='ltr'><em>Πρῶτον</em></span> <span class='ocrx_word' id='word_1_191' title='bbox 509 2400 611 2472; x_wconf 75' lang='grc' dir='ltr'><em>μὲν</em></span> <span class='ocrx_word' id='word_1_192' title='bbox 651 2399 784 2470; x_wconf 80' lang='grc' dir='ltr'><em>οὖν,</em></span> <span class='ocrx_word' id='word_1_193' title='bbox 829 2403 912 2456; x_wconf 82' lang='grc' dir='ltr'><em>ὅτι</em></span> <span class='ocrx_word' id='word_1_194' title='bbox 961 2403 1025 2457; x_wconf 89' lang='grc' dir='ltr'><em>τά</em></span> <span class='ocrx_word' id='word_1_195' title='bbox 1063 2422 1118 2457; x_wconf 90' lang='grc' dir='ltr'><em>τε</em></span> <span class='ocrx_word' id='word_1_196' title='bbox 1159 2402 1281 2473; x_wconf 86' lang='grc' dir='ltr'><em>περὶ</em></span> <span class='ocrx_word' id='word_1_197' title='bbox 1329 2404 1422 2466; x_wconf 82' lang='grc' dir='ltr'><em>τὰς</em></span> <span class='ocrx_word' id='word_1_198' title='bbox 1460 2405 1683 2472; x_wconf 86' lang='grc' dir='ltr'><em>ποήσεις</em></span> <span class='ocrx_word' id='word_1_199' title='bbox 1719 2402 1811 2457; x_wconf 85' lang='grc' dir='ltr'><em>καὶ</em></span> 
     </span>
     <span class='ocr_line' id='line_1_27' title="bbox 125 2489 1810 2561; baseline 0.001 -18"><span class='ocrx_word' id='word_1_200' title='bbox 125 2492 185 2544; x_wconf 85' lang='grc' dir='ltr'><em>τὸ</em></span> <span class='ocrx_word' id='word_1_201' title='bbox 233 2489 393 2559; x_wconf 79' lang='grc' dir='ltr'><em>γένος</em></span> <span class='ocrx_word' id='word_1_202' title='bbox 437 2492 496 2543; x_wconf 87' lang='grc' dir='ltr'><em>τὸ</em></span> <span class='ocrx_word' id='word_1_203' title='bbox 545 2492 755 2544; x_wconf 89' lang='grc' dir='ltr'><em>τούτων</em></span> <span class='ocrx_word' id='word_1_204' title='bbox 802 2490 984 2560; x_wconf 86' lang='grc' dir='ltr'><em>ἀληθῆ</em></span> <span class='ocrx_word' id='word_1_205' title='bbox 1031 2493 1342 2560; x_wconf 81' lang='grc' dir='ltr'><em>εἰρήκαμεν,</em></span> <span class='ocrx_word' id='word_1_206' title='bbox 1382 2489 1471 2544; x_wconf 86' lang='grc' dir='ltr'><em>καὶ</em></span> <span class='ocrx_word' id='word_1_207' title='bbox 1510 2492 1542 2560; x_wconf 82' lang='grc' dir='ltr'>ἡ</span> <span class='ocrx_word' id='word_1_208' title='bbox 1584 2495 1810 2561; x_wconf 88' lang='grc' dir='ltr'><em>λουτρο-</em></span> 
     </span>
     <span class='ocr_line' id='line_1_28' title="bbox 126 2576 1811 2650; baseline 0.001 -19"><span class='ocrx_word' id='word_1_209' title='bbox 126 2580 298 2648; x_wconf 78' lang='grc' dir='ltr'><em>φόρος</em></span> <span class='ocrx_word' id='word_1_210' title='bbox 337 2576 630 2648; x_wconf 80' lang='grc' dir='ltr'><em>ἐφέστηκεν</em></span> <span class='ocrx_word' id='word_1_211' title='bbox 670 2577 757 2632; x_wconf 81' lang='grc' dir='ltr'><em>ἐπὶ</em></span> <span class='ocrx_word' id='word_1_212' title='bbox 797 2587 869 2650; x_wconf 77' lang='grc' dir='ltr'><em>τῷ</em></span> <span class='ocrx_word' id='word_1_213' title='bbox 918 2587 1016 2632; x_wconf 86' lang='grc' dir='ltr'><em>τοῦ</em></span> <span class='ocrx_word' id='word_1_214' title='bbox 1050 2576 1342 2649; x_wconf 81' lang='grc' dir='ltr'><em>Ἀρχιάδου</em></span> <span class='ocrx_word' id='word_1_215' title='bbox 1381 2583 1645 2648; x_wconf 88' lang='grc' dir='ltr'><em>μνήματι,</em></span> <span class='ocrx_word' id='word_1_216' title='bbox 1684 2581 1811 2633; x_wconf 87' lang='grc' dir='ltr'><em>ταύ-</em></span> 
     </span>
     <span class='ocr_line' id='line_1_29' title="bbox 126 2665 1801 2737; baseline 0.003 -20"><span class='ocrx_word' id='word_1_217' title='bbox 126 2685 220 2729; x_wconf 88' lang='grc' dir='ltr'><em>τας</em></span> <span class='ocrx_word' id='word_1_218' title='bbox 256 2665 388 2735; x_wconf 85' lang='grc' dir='ltr'><em>ὑμῖν</em></span> <span class='ocrx_word' id='word_1_219' title='bbox 425 2668 521 2729; x_wconf 78' lang='grc' dir='ltr'><em>τὰς</em></span> <span class='ocrx_word' id='word_1_220' title='bbox 559 2670 859 2737; x_wconf 87' lang='grc' dir='ltr'><em>μαρτυρίας</em></span> <span class='ocrx_word' id='word_1_221' title='bbox 905 2665 1205 2736; x_wconf 86' lang='grc' dir='ltr'><em>βουλόμεθ’</em></span> <span class='ocrx_word' id='word_1_222' title='bbox 1254 2667 1591 2736; x_wconf 82' lang='grc' dir='ltr'><em>ἀναγνῶναι·</em></span> <span class='ocrx_word' id='word_1_223' title='bbox 1638 2665 1801 2722; x_wconf 77' lang='grc' dir='ltr'><em>ἔπειτ’</em></span> 
     </span>
     <span class='ocr_line' id='line_1_30' title="bbox 128 2752 1812 2825; baseline 0.003 -20"><span class='ocrx_word' id='word_1_224' title='bbox 128 2755 230 2823; x_wconf 69' lang='grc' dir='ltr'><em>ἤδη</em></span> <span class='ocrx_word' id='word_1_225' title='bbox 271 2752 359 2807; x_wconf 87' lang='grc' dir='ltr'><em>καὶ</em></span> <span class='ocrx_word' id='word_1_226' title='bbox 398 2756 463 2807; x_wconf 82' lang='grc' dir='ltr'><em>τὰ</em></span> <span class='ocrx_word' id='word_1_227' title='bbox 502 2757 665 2809; x_wconf 79' lang='grc' dir='ltr'><em>λοιπὰ</em></span> <span class='ocrx_word' id='word_1_228' title='bbox 691 2765 885 2825; x_wconf 81' lang='grc' dir='ltr'><em>’σαφῶς</em></span> <span class='ocrx_word' id='word_1_229' title='bbox 918 2756 1210 2825; x_wconf 84' lang='grc' dir='ltr'><em>διδάξομεν</em></span> <span class='ocrx_word' id='word_1_230' title='bbox 1243 2756 1400 2824; x_wconf 83' lang='grc' dir='ltr'><em>ὑμᾶς,</em></span> <span class='ocrx_word' id='word_1_231' title='bbox 1442 2754 1566 2810; x_wconf 81' lang='grc' dir='ltr'><em>ὥστ’</em></span> <span class='ocrx_word' id='word_1_232' title='bbox 1607 2755 1812 2825; x_wconf 78' lang='grc' dir='ltr'><em>ἐξελέγ-</em></span> 
     </span>
     <span class='ocr_line' id='line_1_31' title="bbox 127 2841 1815 2915; baseline 0.002 -21"><span class='ocrx_word' id='word_1_233' title='bbox 127 2841 210 2905; x_wconf 81' lang='grc' dir='ltr'><em>ξαι</em></span> <span class='ocrx_word' id='word_1_234' title='bbox 265 2844 494 2906; x_wconf 84' lang='grc' dir='ltr'><em>τούτους</em></span> <span class='ocrx_word' id='word_1_235' title='bbox 545 2845 611 2897; x_wconf 78' lang='grc' dir='ltr'><em>τὰ</em></span> <span class='ocrx_word' id='word_1_236' title='bbox 671 2845 849 2913; x_wconf 81' lang='grc' dir='ltr'><em>ψευδῆ</em></span> <span class='ocrx_word' id='word_1_237' title='bbox 912 2845 1496 2915; x_wconf 81' lang='grc' dir='ltr'><em>διαμεμαρτυρηκότας.</em></span> <span class='ocrx_word' id='word_1_238' title='bbox 1574 2848 1670 2899; x_wconf 87' lang='grc' dir='ltr'><em>καί</em></span> <span class='ocrx_word' id='word_1_239' title='bbox 1717 2864 1815 2914; x_wconf 73' lang='grc' dir='ltr'><em>μοι</em></span> 
     </span>
     <span class='ocr_line' id='line_1_32' title="bbox 129 2922 1023 3003; baseline 0.006 -22"><span class='ocrx_word' id='word_1_240' title='bbox 129 2926 259 2993; x_wconf 73' lang='grc' dir='ltr'><em>λαβὲ</em></span> <span class='ocrx_word' id='word_1_241' title='bbox 297 2922 403 2993; x_wconf 82' lang='grc' dir='ltr'><em>τὰς</em></span> <span class='ocrx_word' id='word_1_242' title='bbox 428 2936 727 3003; x_wconf 88' lang='grc' dir='ltr'><em>μαρτυρίας</em></span> <span class='ocrx_word' id='word_1_243' title='bbox 766 2932 829 2995; x_wconf 76' lang='grc' dir='ltr'><em>ἃς</em></span> <span class='ocrx_word' id='word_1_244' title='bbox 868 2931 1023 3002; x_wconf 78' lang='grc' dir='ltr'><em>λέγω.</em></span> 
     </span>
    </p>
   </div>
  </div>
 </body>
</html>
