2035 3158
647 118 807 161 RATA
839 117 1348 163 οΔΤΜΠΙοΔΩΡοΤ.
1731 115 1838 168 143

155 252 581 319 βουλευόμενοςς
638 251 730 304 ἵνα
777 248 838 305 δὲ
884 251 958 321 μὴ
1005 251 1187 322 φάσκῃ
1235 245 1520 320 ὦᾶνδρες
1556 250 1845 319 δικασταί,

157 337 245 393 ἐπὶ
292 340 523 408 διαβολῇ
568 347 737 393 ταῦτα
784 337 965 408 λέγειν
1010 358 1075 408 με
1123 346 1224 392 τοῦ
1270 337 1482 407 ἀγῶνος
1521 338 1677 392 ἕνεκα
1716 357 1841 392 του-

157 429 296 494 τουί,
327 428 636 497 μαρτυρίαν
665 425 799 495 ὑμῖν
838 425 1215 495 ἀναγνώσεται
1246 435 1357 480 τῶν
1388 427 1589 480 τούτου
1622 429 1842 480 οἰκείων

156 512 248 568 καὶ
287 513 447 584 ἐμῶν.
812 558 817 563 .

833 597 1148 659 MAPTTPIA.

17 777 19 779 ¹
90 733 134 767 ες
262 717 718 788 Ὀλυμπιόδωρε-ος
762 715 865 788 μὲν
913 717 1103 773 οὑτοσὶ
1149 722 1395 782 τοιοῦτός
1435 718 1583 772 ἐστιν
1622 719 1841 787 ἅνθρω-

156 825 274 875 πος,
320 806 389 861 οὐ
433 809 608 875 μόνον
654 808 870 876 ἄδικος,
925 806 1063 861 ἀλλὰ
1117 806 1208 861 καὶ
1262 812 1605 878 μελαγχολᾶν
1660 809 1845 861 δοκῶν

156 896 324 949 ἅπασι
361 905 476 958 τοῖς
514 897 736 958 οἰκείοις
785 893 876 949 καὶ
922 906 1037 959 τοῖς
1082 898 1381 965 γνωρίμοις
1424 904 1489 966 τῇ
1529 895 1842 966 προαιρέσει

156 993 256 1038 τοῦ
304 986 460 1054 βίου,
517 982 608 1036 καὶ
659 985 792 1053 ὅπερ
841 987 1041 1038 Σόλων
1089 984 1117 1038 ὁ
1165 982 1473 1053 νομόθέτης
1522 983 1694 1053 λε’γει,
1741 1003 1844 1039 πα-

88 1091 93 1094 ·
156 1081 456 1143 ραφρονῶν
514 1071 587 1135 ὡς
641 1070 825 1135 οὐδεὶς
879 1074 1096 1126 πώποτε
1150 1075 1570 1142 παρεφρόνησεν
1623 1072 1842 1142 ἀνθρώ-

155 1179 304 1229 πων,
342 1159 562 1229 γυναικὶ
601 1164 934 1230 πειθόμενος
971 1164 1163 1231 πόρνῃ.
1231 1159 1321 1214 καὶ
1361 1161 1536 1231 ἄκυρά
1574 1180 1635 1229 γε
1672 1169 1844 1215 ταῦτα

155 1251 333 1304 πάντα
380 1247 784 1318 ἐνομοθέτησεν
842 1245 985 1302 εἶναι
1033 1249 1062 1303 ὁ
1103 1251 1331 1317 Σόλων,
1376 1247 1456 1302 ὄσ’
1504 1251 1574 1303 ἄν
1619 1269 1700 1312 τις
1745 1269 1841 1318 γυ-

0 1395 5 1410 ,
89 1349 130 1382 ὅῖ
156 1335 305 1391 ναικὶ
342 1339 674 1406 πειθόμενος
710 1337 942 1408 πράττῃ,
981 1338 1158 1400 ἄλλως
1189 1356 1246 1390 τε
1279 1335 1369 1390 καὶ
1408 1338 1648 1408 τοιαύτῃ.
1716 1335 1841 1408 περὶ

154 1423 257 1495 μὲν
302 1420 407 1480 οὖν
453 1425 664 1478 τούτων
710 1428 889 1488 καλῶς
927 1424 957 1479 ὁ
996 1423 1305 1494 νομοθέτης
1352 1425 1688 1495 ἐπεμελήθη,
1734 1425 1841 1494 ἐγὼ

156 1511 206 1568 δ’
249 1513 407 1583 ὑμῶν
446 1512 664 1583 δεόμαι,
711 1512 801 1567 καὶ
849 1513 917 1566 οὐ
964 1516 1139 1582 μόνον
1180 1514 1314 1582 ἐγώ,
1360 1513 1497 1567 ἀλλὰ
1536 1512 1628 1568 καὶ
1665 1514 1699 1583 ἡ
1741 1514 1840 1584 ε’μὴ

155 1604 327 1671 γυνή,
372 1598 822 1671 Ὀλυμπιοδώρου
871 1599 932 1655 δὲ
971 1600 1196 1655 τουτουὶ
1246 1601 1487 1672 ἀδελφή,
1536 1601 1627 1656 καὶ
1664 1602 1698 1670 ἡ
1736 1609 1842 1656 θυ-

155 1691 326 1759 γάτηρ
376 1689 428 1758 ἡ
467 1689 597 1758 ε’μή,
643 1687 1094 1758 Ὀλυμπιοδώρου
1155 1686 1217 1743 δὲ
1272 1688 1494 1744 τουτουὶ
1552 1689 1842 1760 ἀδελφιδῆ,

157 1779 469 1847 ἱκετεύομεν
506 1778 646 1847 ὑμᾶς
692 1776 782 1831 καὶ
834 1777 1235 1848 ἀντιβολοῦμεν
1274 1774 1317 1832 ὦ
1357 1780 1554 1847 ἄνδρες
1592 1777 1841 1833 δικασταὶ

155 1867 388 1930 ἅπαντες
432 1865 586 1936 ἡμεῖς
640 1864 925 1937 (νομίσατε
973 1867 1078 1936 γὰρ
1134 1866 1343 1930 ἐκείνας
1397 1865 1601 1920 ἐνθάδε
1655 1878 1840 1938 παρετ·

85 1953 291 2024 ὕδναι),
340 1954 572 2023 μάλιστα
618 1952 720 2024 μὲν
769 1953 990 2009 τουτονὶ
1037 1953 1486 2023 Ὀλυμπιόδωρον
1534 1965 1717 2009 πεῖσαι
1765 1958 1841 2026 μὴ

155 2040 367 2096 ἀδικεῖν
412 2042 577 2112 ἡμᾶς,
624 2042 720 2096 ἐὰν
767 2041 817 2096 δ’
863 2045 969 2113 ἄρα
1015 2043 1089 2113 μὴ
1136 2034 1295 2113 θέλη
1322 2047 1646 2112 πείθεσθαι,
1699 2043 1841 2113 ὑμᾶς

154 2129 534 2200 μεμνημένους
583 2129 841 2208 ἁπάντων
894 2140 1005 2184 τῶν
1052 2130 1382 2201 εἰρημένων,
1436 2134 1769 2200 ψηφίζεσθαι
1807 2133 1839 2186 ὅ

154 2238 206 2271 τι
259 2217 329 2272 ἂν
381 2218 515 2287 ὑμῖν
577 2220 713 2289 δοκῇ
776 2217 1063 2288 βέλτιστον
1124 2217 1215 2272 καὶ
1276 2220 1621 2273 δικαιότατον
1681 2217 1840 2274 εἶναι,

137 2304 246 2359 ’καὶ
295 2314 466 2359 ταῦτα
516 2315 804 2370 ποιοῦντες
854 2308 918 2360 τά
967 2327 1023 2360 τε
1075 2309 1259 2361 δίκαια
1309 2308 1592 2376 γνώσεσθε
1636 2306 1729 2362 καὶ
1772 2310 1838 2362 τὰ

156 2392 508 2464 συμφέροντα
546 2393 679 2463 ἡμῖν
720 2395 948 2464 ἅπασιν,
997 2396 1096 2466 οὐχ
1143 2396 1336 2464 ἥκιστα
1375 2393 1436 2450 δὲ
1471 2392 1841 2466 Ὀλυμπιοδώ-

105 2479 107 2481 ’
153 2501 232 2555 ρῳ
272 2481 416 2555 αὐτῷ
460 2485 670 2556 τουτῳί.
