2035 3158
685 154 842 194 KATA
875 152 1204 194 ΣΤΕΦΑΝΟΤ
1236 155 1285 194 Α.
1794 150 1864 200 69

184 287 429 356 χυτάτων
481 287 653 339 εἰπεῖν
703 284 1028 355 πειράσομαι
1081 286 1144 337 τὰ
1191 284 1541 355 πεπραγμένα
1590 306 1679 356 μοι
1732 287 1868 354 πρὸς

185 377 504 445 Φορμίωνα,
543 372 596 438 ἐξ
631 367 708 426 ὧν
741 372 1073 436 ἀκούσαντες
1110 375 1209 442 τήν
1250 369 1295 424 τ’
1343 373 1555 427 ἐκείνου
1595 376 1866 442 πονηρίαν

182 459 272 515 καὶ
311 462 563 530 τούτους,
610 461 693 514 ὅτι
732 460 797 514 τὰ
835 461 1012 529 ψευδῆ
1051 455 1520 530 μεμαρτυρήκασι,
1567 461 1865 529 γνώσεσθε.

136 567 157 599 3
287 546 423 618 Ἐγὼ
457 549 561 618 γὰρ
596 544 637 600 ὦ
670 549 868 616 ἄνδρες
901 545 1150 600 δικασταὶ
1182 551 1404 601 πολλῶν
1435 548 1725 617 χρημάτων
1759 547 1865 601 ὑπὸ

182 646 280 691 τοῦ
317 641 519 707 πατρὸς
567 626 1047 710 καταλειφθέντων
1095 655 1216 704 μοι,
1263 632 1351 688 καὶ
1403 644 1570 688 ταῦτα
1612 638 1866 703 Φορμίω-

180 746 275 788 νος
314 729 556 796 ἔχοντος,
605 726 722 777 κᾶτι
771 726 907 793 πρὸς
953 725 1164 785 τούτοις
1212 724 1311 792 τὴν
1351 722 1554 792 μητέρα
1594 725 1866 792 γήμαντος

180 815 280 882 τὴν
321 812 455 887 ἐμὴν
493 811 914 882 ἀποδημοῦντος
958 811 1091 881 ἐμοῦ
1132 813 1366 883 δημοσία
1407 820 1868 882 τριηραρχοῦντος

179 901 312 970 ὑμῖν
353 900 442 972 (ὃν
481 903 686 969 τρόπον
720 897 796 963 δ’,
836 900 936 953 οὐκ
978 905 1106 963 ἴσως
1146 902 1315 953 καλὸν
1354 900 1468 953 υίεῖ
1501 898 1625 969 περὶ
1665 901 1868 970 μητρὸς

179 988 416 1058 ἀκριβῶς
454 988 680 1061 εἰπεῖν),
729 989 914 1057 ἐπειδὴ
964 990 1338 1050 καταπλεύσας
1377 986 1635 1058 ᾐσθόμην
1672 986 1763 1042 καὶ
1800 988 1866 1041 τὰ

178 1074 510 1147 πεπραγμέν’
573 1075 752 1147 εἶδον,
812 1074 971 1131 πόλλ’
1031 1076 1411 1145 ἀγανακτήσας
1471 1076 1561 1131 καὶ
1623 1081 1869 1148 χαλεπῶς

135 1189 153 1217 4
180 1165 444 1234 ἐνεγκών,
491 1168 651 1235 δίκην
698 1164 798 1235 μὲν
848 1166 947 1236 οὐχ
997 1159 1111 1228 οἷός
1150 1162 1196 1218 τ’
1242 1162 1311 1233 ἦν
1361 1166 1509 1219 ἰδίαν
1550 1169 1736 1236 λαχεῖν
1775 1162 1867 1234 (οὐ

180 1254 283 1323 γὰρ
321 1249 462 1322 ἦσαν
509 1252 568 1306 ἐν
616 1261 689 1325 τῷ
740 1257 856 1306 τότε
899 1260 1068 1325 καιρῷ
1112 1254 1284 1319 δίκαι,
1333 1250 1449 1306 ἀλλ’
1497 1250 1857 1323 ἀνεβάλλεσθ’

164 1342 334 1411 ὑμεῖς
373 1343 463 1394 διὰ
503 1343 600 1395 τὸν
638 1343 933 1410 πόλεμον),
981 1342 1199 1411 γραφὴν
1241 1338 1291 1394 δ’
1337 1341 1547 1412 ὕβρεως
1587 1343 1866 1412 γράφομαι

179 1431 314 1499 πρὸς
351 1432 480 1492 τοὺς
516 1428 863 1498 θεσμοθέτας
908 1430 1091 1483 αὐτόν.
1170 1432 1373 1499 χρόνου
1415 1426 1475 1482 δὲ
1515 1429 1865 1499 γιγνομένου,

179 1516 267 1572 καὶ
306 1525 400 1586 τῆς
438 1514 540 1587 μὲν
585 1525 798 1587 γραφῆς
846 1516 1274 1586 ἐκκρουομένης,
1323 1519 1494 1571 δικῶν
1534 1517 1582 1571 δ’
1630 1519 1733 1573 οὐκ
1772 1518 1865 1573 οὐ·

180 1616 318 1675 σῶν,
369 1609 652 1674 γίγνονται
692 1608 882 1667 παῖδες
923 1605 979 1659 ἐκ
1019 1607 1218 1660 τούτου
1260 1614 1322 1677 τῇ
1364 1611 1539 1677 μητρί.
1604 1606 1692 1660 καὶ
1733 1608 1864 1677 μετὰ

178 1693 325 1748 ταῦτ’
381 1693 677 1766 (εἰρήσεται
727 1695 832 1763 γὰρ
883 1696 1063 1748 ἅπασα
1110 1698 1244 1762 πρὸς
1292 1696 1430 1764 ὑμᾶς
1479 1696 1508 1763 ἡ
1558 1693 1774 1765 ἀλήθει’
1820 1691 1863 1749 ὦ

115 1826 119 1828 -
178 1785 376 1853 ἄνδρες
410 1781 697 1854 δικασταί)
744 1781 939 1837 πολλοὶ
986 1780 1086 1852 μὲν
1135 1782 1223 1836 καὶ
1271 1784 1661 1853 φιλάνθρωποι
1710 1787 1866 1858 λόγοι

177 1872 322 1941 παρὰ
360 1879 456 1940 τῆς
493 1873 694 1940 μητρὸς
734 1870 1018 1939 ἐγίγνοντο
1058 1870 1146 1924 καὶ
1188 1874 1401 1940 δεήσεις
1439 1869 1574 1940 ὑπὲρ
1611 1876 1865 1942 Φορμίω-

177 1980 274 2023 νος
311 1963 563 2027 τουτουί,
602 1958 797 2013 πολλοὶ
838 1956 899 2013 δὲ
939 1959 1027 2012 καὶ
1068 1959 1278 2030 μέτριοι
1317 1960 1406 2014 καὶ
1448 1959 1690 2014 ταπεινοὶ
1731 1958 1860 2031 παρ’

133 2049 350 2101 5αὐτοῦ
396 2049 609 2102 τούτου.
688 2049 779 2101 ἵνα
835 2046 882 2100 δ’
939 2045 980 2102 ὦ
1032 2049 1231 2116 ἄνδρες
1275 2046 1564 2119 Ἀθηναῖοι
1617 2048 1864 2118 συντέμω

134 2144 366 2204 ”’ταῦτα,
404 2134 590 2205 ἐπειδὴ
623 2147 803 2190 ποιεῖν
836 2134 880 2189 ττ
920 2134 1086 2190 οὐδὲν
1119 2136 1253 2209 ᾤετο
1290 2140 1408 2190 δεῖν
1441 2133 1518 2191 ὧν
1557 2133 1677 2192 τόθ’
1724 2140 1865 2207 ὡμο-

180 2211 409 2293 λόγησε,
446 2222 536 2277 καὶ
577 2225 641 2276 τὰ
681 2222 906 2293 χρήματ’
955 2224 1276 2295 ἀποστερεῖν
1318 2226 1660 2296 ἐνεχείρησεν
1701 2226 1866 2295 Q
1892 2233 2035 2315 ’ς’-’.ἅ

177 2308 632 2383 τρορτέζῃςᾲεζχενι
657 2311 942 2381 ἀφορμήν,
992 2314 1152 2382 δίκην
1192 2314 1550 2384 ἠναγκάσθην
1591 2314 1736 2387 αὐτῷ
1779 2318 1864 2368 λα·

178 2411 312 2477 χεζν,
352 2399 538 2468 ἐπειδὴ
577 2398 781 2469 τάχιστ’
829 2399 1050 2463 ἐξουσία
1092 2400 1323 2469 ἐγένετο.
1402 2405 1569 2471 γνοὺς
1610 2400 1658 2456 δ’
1706 2399 1990 2466 οὗτος1103

179 2489 260 2541 ὅτι
299 2484 456 2541 πάντ’
496 2487 942 2557 ἐξελεγχθήσεται
975 2487 1062 2541 καὶ
1096 2490 1348 2553 κάκιστος
1386 2490 1701 2559 ἀνθρώπων
1739 2491 1862 2562 περὶ

176 2577 315 2645 ἡμᾶς
369 2577 611 2645 γεγονὼς
666 2574 1141 2646 ἐπιδειχθήσεται,
1204 2577 1649 2653 μηχανᾶταιρκαὶ
1702 2599 1864 2633 κατα-

179 2665 422 2729 σκευάζει
466 2673 664 2732 ταῦτα,
721 2660 805 2733 ἐφ’
854 2657 936 2727 οἷς
990 2664 1179 2719 οὑτοσὶ
1228 2666 1512 2737 Στέφανος
1565 2668 1629 2720 τά
1684 2670 1861 2737 ψευδῆ

178 2773 284 2820 μου
338 2753 828 2821 κατεμαρτύρησεν.
901 2751 989 2805 καὶ
1042 2763 1262 2822 πρῶτον
1319 2752 1417 2824 μὲν
1474 2757 1861 2824 παρεγράψατο

177 2842 277 2909 τὴν
324 2842 518 2909 δίκην,
575 2840 645 2909 ἣν
700 2842 894 2909 ἔφευγε
953 2845 1303 2912 [Φορμι’ων],
1359 2845 1432 2913 μὴ
1492 2845 1860 2914 εἰσαγώγιμον

177 2925 341 2982 εἶναι·
382 2930 565 2981 ἔπειτα
611 2928 917 2997 μάρτυρας,
959 2930 1030 2992 ὡς
1071 2929 1253 3000 ἀφῆκα
1303 2931 1470 2985 αὐτὸν
1511 2941 1619 2985 τῶν
1672 2932 1859 3002 ἐγκλη-
