2035 3158
172 162 275 212 118
631 161 812 204 nvn.
859 158 1364 216 [ΔΗΜΟΣΘΕΝΟΤΣ]

167 298 305 363 βατα
358 292 624 362 λαμβάνει
673 293 1073 360 ποιμαινόμενα
1121 293 1458 360 πεντήκοντα
1495 290 1708 359 μαλακὰ
1755 288 1848 342 καὶ

167 383 265 434 τὸν
308 377 541 448 ποιμένα
589 376 703 448 μετ’
755 379 937 432 αὐτῶν
983 377 1074 431 καὶ
1119 379 1294 431 πάντα
1325 377 1411 431 ’τά
1456 376 1739 431 ἀκόλουθα
1780 385 1846 446 τῇ

167 470 400 539 ποίμνῃ,
439 470 620 520 ἔπειτα
658 468 827 519 παῖδα
868 467 1128 519 διάκονον
1165 465 1364 534 ὑδρίαν
1402 468 1609 534 χαλκῆν
1646 457 1850 534 ἀποφέ-

169 574 337 623 ροντα
376 553 670 623 ἀλλοτρίαν
710 550 1012 623 ᾐτημένην,
1057 557 1265 606 πολλοῦ
1303 550 1477 615 ἀξίαν.
1551 550 1644 605 καὶ
1681 560 1868 611 ταῦτα,

105 662 146 692 53
172 644 392 711 ἔχουσιν
432 642 531 695 οὐκ
571 640 857 709 ἐξήρκεσεν
908 640 1113 703 αὐτοῖς·
1160 637 1277 693 ἀλλ’
1325 639 1735 702 ἐπεισελθόντες
1771 641 1851 702 εἰς

171 731 231 782 τὸ
270 733 474 798 χωρίον
514 727 761 799 (γεωργῶ
803 725 863 780 δὲ
902 729 1037 796 πρὸς
1075 735 1148 799 τῷ
1193 728 1539 799 ἱπποδρόμῳ,
1588 725 1680 780 καὶ
1718 729 1857 780 οἰκῶ

173 814 394 869 ἐνταῦθ’
441 815 500 869 ἐκ
550 813 859 885 μειρακίου)
910 824 1128 883 πρῶτον
1178 811 1278 884 μὲν
1328 813 1416 868 ἐπὶ
1464 816 1593 877 τοὺς
1642 813 1851 878 οἰκέτας

176 899 326 973 ᾖξαν,
359 903 430 966 ὡς
463 900 522 956 δὲ
556 899 709 957 οὗτοι
742 903 1138 971 διαφεύγουσιν
1171 901 1369 965 αὐτοὺς
1399 900 1488 954 καὶ
1519 903 1682 965 ἄλλος
1712 903 1850 970 ἄλλῃ

174 991 550 1061 ἀπεχώρησαν,
592 991 849 1052 ἐλθόντες
879 992 1015 1058 πρὸς
1046 990 1145 1057 τὴν
1184 991 1362 1042 οἰκίαν
1402 988 1492 1042 καὶ
1531 989 1853 1058 ἐκβαλόντες

173 1081 273 1148 τὴν
321 1080 505 1149 θύραν
555 1080 656 1148 τὴν
707 1081 784 1142 εἰς
833 1080 930 1132 τὸν
975 1086 1150 1146 κῆπον
1196 1076 1476 1147 φέρουσαν
1514 1078 1760 1145 Εὔεργός
1795 1097 1853 1130 τε

174 1165 363 1221 οὑτοσὶ
401 1167 430 1221 6
470 1166 707 1237 ἀδελφὸς
745 1167 773 1220 6
809 1169 1103 1235 Θεοφήμου
1142 1163 1231 1217 καὶ
1262 1168 1667 1233 Μνησίβουλος·
1693 1165 1722 1218 6
1761 1184 1853 1232 κη-

178 1257 369 1323 δεστὴς
400 1256 588 1323 αὐτοῦ,
630 1248 710 1316 οἷς
742 1255 1007 1322 οὐδεμίαν
1041 1256 1201 1321 δίκην
1228 1252 1503 1321 ὠφλήκειν
1528 1249 1658 1305 οὐδὲ
1687 1267 1856 1318 προσ-

177 1351 306 1412 ῆκεν
357 1343 556 1405 αὐτοὺς
603 1344 871 1395 ἅπτεσθαι
920 1350 1028 1394 τῶν
1081 1340 1225 1409 ἐμῶν
1272 1340 1529 1408 οὐδενός,
1576 1342 1858 1393 εἰσελθόν-

178 1450 264 1494 τες
302 1429 388 1484 ἐπὶ
427 1432 525 1499 τὴν
566 1431 800 1498 γυναῖκά
847 1450 953 1499 μου
995 1428 1083 1481 καὶ
1123 1429 1186 1481 τὰ
1226 1430 1417 1481 παιδία
1457 1428 1856 1498 ἐξεφορήσαντο

113 1520 282 1573 ωόσα
332 1521 410 1572 ε”τι
458 1519 728 1572 ὑπόλοιπά
779 1538 872 1587 μοι
919 1514 987 1585 ἧν
1036 1517 1200 1584 σκεύη
1250 1516 1309 1569 ἐν
1355 1524 1418 1586 τῇ
1460 1518 1618 1587 οἰκίᾳ.
1681 1514 1857 1587 ᾤοντο

180 1605 280 1676 μὲν
333 1607 436 1676 γὰρ
492 1606 558 1660 οὐ
612 1615 849 1660 τοσαῦτα
900 1609 1072 1674 μόνον
1127 1607 1430 1673 λήψεσθαι,
1484 1603 1622 1658 ἀλλὰ
1670 1608 1856 1676 πολλῷ

180 1699 367 1764 πλείω,
405 1696 504 1764 τὴν
537 1695 639 1763 γὰρ
674 1690 848 1748 οὗσάν
880 1714 972 1762 μοι
1012 1689 1140 1746 ποτὲ
1177 1693 1515 1761 κατασκευὴν
1553 1699 1647 1761 τῆς
1685 1694 1860 1755 οἰκίας

181 1785 613 1852 καταλήψεσθαι·
656 1780 774 1834 ἀλλ’
823 1782 928 1835 ὑπὸ
960 1791 1070 1833 τῶν
1104 1785 1445 1851 λῃτουργιῶν
1475 1779 1565 1833 καὶ
1603 1789 1713 1833 τῶν
1750 1782 1859 1834 εἰσ-

183 1881 373 1941 φορῶν
412 1868 502 1923 καὶ
547 1878 639 1937 τῆς
689 1871 824 1936 πρὸς
863 1869 1001 1937 ὑμᾶς
1041 1871 1352 1937 φιλοτιμίας
1389 1868 1454 1921 τὰ
1486 1864 1594 1936 μὲν
1633 1867 1861 1937 ἐνέχυρα

185 1969 355 2013 κεῖται
386 1958 587 2025 αὐτῶν,
618 1958 682 2010 τὰ
716 1953 775 2009 δὲ
807 1956 1086 2024 πέπραται.
1142 1957 1242 2008 ὅσα
1274 1953 1328 2008 δ’
1357 1952 1429 2024 ἧν
1462 1958 1539 2008 ἔτι
1570 1955 1862 2023 ὑπόλοιπα,

119 2047 359 2100 εὸπάντα
414 2048 672 2113 λαβόντες
725 2043 951 2116 ᾤχοντο.
1013 2045 1149 2112 πρὸς
1199 2040 1259 2096 δὲ
1309 2044 1523 2106 τούτοις
1573 2038 1614 2095 ὦ
1666 2044 1863 2110 ἄνδρες

189 2132 436 2188 δικασταὶ
487 2136 674 2203 ἔτυχεν
720 2132 753 2200 ἡ
803 2134 943 2200 γυνή
992 2152 1098 2200 μου
1146 2132 1277 2200 μετὰ
1324 2141 1434 2184 τῶν
1472 2133 1709 2184 παιδίων
1748 2131 1864 2199 ἀρι-

189 2234 367 2277 στῶσα
406 2221 466 2275 ἐν
505 2229 568 2290 τῇ
609 2221 774 2290 αὐλῇ,
822 2219 911 2273 καὶ
959 2218 1070 2288 μετ’
1119 2220 1283 2287 αὐτῆς
1322 2222 1481 2288 τιτθή
1521 2238 1601 2282 τις
1640 2218 1739 2287 ἐμὴ
1778 2238 1866 2287 γε-

188 2309 389 2379 νομένη
441 2308 782 2377 πρεσβυτέρα
832 2309 1129 2376 ἄνθρωπος
1183 2308 1382 2371 εὔνους
1425 2305 1516 2360 καὶ
1565 2309 1727 2376 πιστὴ
1776 2305 1867 2360 καὶ
1919 2355 1922 2357 .

190 2397 452 2468 ἀφειμένη
495 2395 762 2463 ἐλευθέρα
801 2396 908 2450 ὑπὸ
948 2404 1047 2449 τοῦ
1086 2397 1289 2464 πατρὸς
1326 2403 1424 2450 τοῦ
1465 2394 1614 2464 ἐμοῦ.
1691 2392 1868 2466 συνῷ-
1889 2409 1970 2448 115

190 2500 318 2554 κησε
360 2482 419 2538 δὲ
461 2484 643 2553 ἀνδρί,
685 2483 869 2552 ἐπειδὴ
925 2483 1129 2552 ἀφείθη
1171 2481 1457 2551 ἐλευθέρα·
1498 2483 1571 2545 ὡς
1609 2478 1671 2535 δὲ
1708 2479 1870 2545 οὗτος

192 2572 433 2626 ἀπέθανε
473 2570 563 2624 καὶ
602 2571 736 2640 αὐτὴ
777 2579 948 2639 γραῦς
986 2567 1057 2639 ἦν
1097 2568 1187 2623 καὶ
1227 2569 1327 2624 οὐκ
1365 2565 1435 2638 ἦν
1474 2569 1647 2638 αὐτὴν
1679 2569 1708 2624 6
1739 2568 1871 2639 θρέ-

127 2677 168 2708 ⁵⁶
193 2670 334 2728 ψων,
374 2660 639 2728 ἐπανῆκεν
662 2659 733 2721 ὡς
765 2656 872 2727 ἐμέ.
937 2657 1233 2727 ἀναγκαῖον
1266 2653 1367 2711 οὖν
1397 2652 1467 2726 ἦν
1498 2657 1571 2726 μὴ
1603 2658 1872 2727 περιιδεῖν

195 2748 398 2810 ἐνδεεῖς
449 2749 610 2810 ὄντας
660 2749 791 2816 μήτε
842 2747 1037 2814 τιτθὴν
1084 2743 1386 2814 γενομένην
1425 2746 1556 2814 μήτε
1595 2746 1872 2814 παιδαγω-

194 2838 318 2904 γόν·
370 2836 479 2904 ἅμα
530 2831 591 2888 δὲ
628 2832 718 2887 καὶ
768 2842 1114 2904 τριηραρχῶν
1160 2831 1444 2900 ἐξέπλεον,
1498 2833 1634 2886 ὥστε
1679 2832 1770 2886 καὶ
1807 2840 1872 2903 τῇ

197 2921 417 2991 γυναικὶ
463 2920 772 2993 βουλομένῃ
822 2917 892 2990 ἦν
939 2922 1195 2990 τοιαύτην
1242 2921 1499 2990 οἰκουρὸν
1545 2917 1656 2989 μετ’
1710 2921 1875 2990 αὐτῆς
