2035 3158
512 169 516 174 ’
552 205 555 207 Β
613 154 775 194 ΠΡΟΣ
809 154 1172 197 ΦΑΙΝΙΠΠΟΝ.
1670 157 1733 207 11

56 284 225 341 ἐδίδου
266 293 330 356 τῷ
369 288 665 353 πεπονηκότι
696 288 882 338 τούτων
913 287 1202 349 ὑπεξελθεῖν
1242 290 1295 341 ἐκ
1334 299 1420 342 τοῦ
1461 293 1737 359 συντάγμα-

56 386 156 436 τος,
194 370 247 422 εἴ
268 366 358 420 τιν’
394 369 572 420 ἑαυτοῦ
602 369 964 433 πλουσιώτερον
1007 368 1279 434 σχολάζοντ’
1316 371 1610 423 ἐπεδείκνυε.
1655 373 1737 423 καὶ

57 451 102 501 εἰ
134 448 226 516 μὲν
263 448 290 501 ὁ
329 448 629 516 προβληθεὶς
667 447 902 517 ὡμολόγει
940 451 1296 519 πλουσιώτερος
1336 448 1477 516 εἶναι,
1517 454 1585 513 εἰς
1623 454 1738 513 τοὺς

56 532 361 597 τριακοσίους
400 529 797 581 ἀντικαθίστατο·
837 531 882 580 εἰ
919 527 963 580 δ’
1007 530 1216 597 ἠρνεῖτο,
1255 532 1345 597 τὴν
1385 534 1559 586 οὐσίαν
1598 534 1735 586 ἀντε-

11 626 32 657 2
56 613 273 663 δίδοσαν.
335 618 430 661 νῦν
460 612 629 661 τοίνυν
663 607 731 671 εἷς
761 620 859 662 τῶν
892 614 1181 676 τριακοσίων
1211 615 1544 679 πεπονηκέναι
1582 615 1735 684 λέγων

46 691 136 743 καὶ
171 687 299 743 εἶναι
328 691 480 756 πένης
511 691 590 741 ἐπὶ
625 693 910 742 Φαίνιππον
950 692 1175 756 ἐλήλυθε,
1215 693 1296 744 καὶ
1333 703 1418 760 τῆς
1457 696 1628 758 οὐσίας
1666 699 1735 756 εἰς

51 771 303 823 ἀντίδοσιν
348 772 539 837 ἥκουσι.
600 771 711 843 περὶ
759 770 811 821 δὲ
858 772 1044 822 τούτων
1095 773 1289 840 ἐγκαλεῖ
1329 780 1393 846 τῷ
1450 780 1732 848 Φαινίππῳ,

51 851 119 913 ὡς
148 851 260 904 οὔτε
290 852 391 917 τὴν
410 852 709 920 ἀπογραφὴν
739 860 825 917 τῆς
850 852 1021 913 οὐσίας
1053 856 1283 905 δεδωκότι
1314 856 1434 906 κατὰ
1466 857 1550 908 τὸν
1582 874 1731 923 προσ-

52 934 236 984 ’ίικοντα
279 934 480 999 χρόνον,
534 931 640 984 ἀλλ’
703 935 906 999 ὕστερον
952 940 1140 1005 πολλῷ,
1191 938 1248 986 τά
1307 957 1354 988 τε
1414 945 1589 1003 σημεῖα
1635 947 1733 990 τῶν

51 1013 331 1080 οἰκημάτων
361 1015 655 1085 ἀφῃρηκότι,
694 1014 818 1079 ὑπὲρ
850 1023 936 1066 τοῦ
977 1014 1246 1081 ἐκφορῆσαι
1287 1026 1382 1068 τῶν
1423 1018 1570 1070 ἔνδον
1607 1022 1735 1083 τινά,

51 1094 135 1145 καὶ
169 1097 370 1158 ψευδῶς
409 1094 622 1160 ὀφείλειν
661 1096 816 1147 πολλὰ
854 1097 1206 1167 πλαττομένῳ.-

164 1342 354 1396 Πολλὰ
393 1343 610 1411 κάγαθὰ
650 1342 845 1412 γένοιτ’
885 1339 927 1397 ὦ
969 1346 1168 1414 ἄνδρες
1207 1347 1475 1415 δικασταί,
1514 1358 1733 1417 πρῶτον

51 1427 152 1499 μὲν
188 1429 323 1498 ὑμῖν
370 1430 598 1497 ἅπασιν,
645 1434 827 1485 ἔπειτα
876 1430 935 1485 δὲ
983 1432 1073 1486 καὶ
1113 1437 1335 1488 Σόλωνι
1384 1443 1457 1508 τῷ
1499 1441 1730 1505 νομοθε-

49 1519 273 1588 τήσαντι
318 1520 414 1572 τὸν
460 1518 582 1589 περὶ
630 1529 737 1572 τῶν
785 1519 1122 1574 ἀντιδόσεων
1162 1525 1352 1592 νόμον.
1429 1526 1480 1576 εἰ
1515 1525 1588 1593 μὴ
1628 1526 1731 1595 γὰρ

50 1603 212 1670 οὗτος
248 1606 379 1675 ἡμῖν
420 1617 606 1678 σαφῶς
646 1609 886 1676 διώρισε,
927 1612 982 1662 τί
1008 1620 1226 1678 πρῶτον
1267 1613 1354 1665 δεῖ
1387 1622 1566 1666 ποιεῖν
1604 1615 1732 1676 τοὺς

49 1695 480 1759 ἀντιδεδωκότας
528 1695 617 1749 καὶ
668 1700 724 1749 τί
769 1698 1028 1765 δεύτερον
1075 1697 1164 1751 καὶ
1216 1700 1386 1752 τᾶλλα
1427 1698 1475 1753 δ’
1523 1700 1730 1771 ἐφεξῆς,

49 1783 152 1838 οὐκ
175 1780 279 1838 οἷδ’
312 1783 437 1837 ὅποι
461 1788 744 1853 προῆλθεν
777 1784 846 1837 ἂν
877 1785 909 1854 ἡ
944 1784 1165 1839 τουτουὶ
1194 1790 1510 1842 Φαινίππου
1542 1792 1730 1858 τόλμα,

49 1873 188 1926 ὅπου
226 1892 287 1940 γε
326 1871 415 1925 καὶ
452 1880 559 1925 νῦν
599 1874 809 1925 ἅπαντα
851 1882 1018 1926 ταῦτα
1058 1874 1423 1943 προλέγοντος
1461 1877 1594 1946 ἡμῖν
1632 1888 1730 1933 τοῦ

47 1963 254 2030 νόμον,
300 1960 446 2030 ὅμως
495 1958 664 2014 οὐδὲν
715 1965 1014 2030 φροντίσας
1060 1972 1170 2015 τῶν
1210 1963 1270 2016 ἐν
1310 1965 1456 2037 αὐτῷ
1498 1986 1730 2036 γεγραμ-
1750 1984 1862 2023 1039

49 2047 231 2118 μένων
281 2051 539 2114 δικαίων,
591 2048 711 2102 ἀντὶ
760 2046 860 2118 μὲν
907 2058 1007 2102 τοῦ
1054 2060 1222 2118 τριῶν
1272 2051 1490 2122 ἡμερῶν
1531 2050 1624 2123 ἀφ’
1668 2052 1731 2124 ἧς

50 2138 228 2206 ὤμοσε
265 2138 364 2207 τὴν
396 2136 674 2207 ἀπόφασιν
708 2139 909 2190 δοῦναί
936 2159 1029 2207 μοι
1069 2147 1162 2207 τῆς
1202 2140 1391 2204 οὐσίας
1429 2151 1521 2211 τῆς
1559 2143 1730 2197 αὑτοῦ

50 2225 183 2277 κατὰ
230 2225 327 2279 τὸν
371 2228 574 2294 νόμον,
604 2224 662 2293 ἢ
704 2228 754 2278 εί
790 2226 862 2295 μὴ
912 2225 1021 2279 τότ’
1071 2227 1358 2297 ἐβούλετο,
1405 2238 1468 2300 τῇ
1508 2228 1558 2298 γ’
1605 2232 1727 2303 ἕκτῃ

49 2313 246 2366 δοῦναι
299 2321 397 2366 τοῦ
450 2315 865 2382 βοηδρομιῶνος
918 2317 1123 2383 μηνός,
1177 2316 1246 2384 ἣν
1301 2317 1521 2387 δεηθεὶς
1576 2322 1727 2389 [μου]

51 2402 209 2454 ἔθετο
247 2399 337 2454 καὶ
378 2401 437 2454 ἐν
474 2395 867 2471 ᾗῇμολόγησε
909 2403 1109 2455 δώσειν
1149 2405 1250 2473 τὴν
1291 2404 1598 2476 ἀπόφασιν,
1638 2409 1729 2463 οὐ-

6 2504 27 2535 2
51 2486 241 2559 δέτερα
279 2489 489 2542 τούτων
538 2488 817 2557 ἐποίησεν,
864 2489 1001 2542 ἀλλὰ
1042 2476 1458 2562 καταφρονήσας
1498 2495 1730 2565 ἀμφοτέ-

48 2595 192 2645 ρων,
228 2575 320 2630 καὶ
357 2576 512 2645 ἡμῶν
550 2575 640 2630 καὶ
678 2585 776 2631 τοῦ
815 2581 1019 2647 νόμου,
1060 2579 1296 2654 δευτέρῳ
1337 2582 1467 2651 μηνὶ
1508 2582 1729 2654 δέδωκε,

50 2664 210 2718 δυοῖν
247 2663 282 2733 ’ἢ
320 2663 499 2733 τρισὶν
547 2663 771 2733 ἡμέραις
816 2669 1084 2735 πρότερον
1132 2677 1224 2737 τῆς
1262 2672 1340 2732 εἰς
1377 2674 1438 2724 τὸ
1479 2673 1729 2742 δικαστή-

50 2771 174 2820 ριον
202 2753 445 2822 εἰσόδου,
483 2754 579 2807 τὸν
612 2750 665 2805 δ’
697 2755 866 2807 ἄλλον
899 2754 1090 2808 ἅπαντ’
1123 2756 1372 2811 ἐκποδὼν
1402 2754 1472 2827 ἦν
1503 2764 1726 2829 χρόνον·

49 2836 173 2893 ἀντὶ
210 2837 272 2894 δὲ
309 2848 408 2895 τοῦ
446 2841 512 2894 τὰ
562 2839 742 2910 σημεῖ’
788 2841 883 2895 ἐᾶν
922 2852 1031 2896 τῶν
1072 2846 1382 2913 οἰκημάτων
1422 2846 1454 2900 ὁὶ
1493 2866 1728 2919 παρεση-

52 2928 325 2998 μηνάμην,
364 2927 549 2983 ε’λθὼν
589 2931 664 2992 εἰς
703 2929 874 3000 ἀγρὸν
910 2930 1109 3005 ἀνέῳξε
1152 2932 1239 2986 καὶ
1280 2935 1372 2997 τὰς
1410 2937 1609 3005 κριθὰς
1647 2936 1725 3001 ἐξ·
