2035 3158
155 469 178 500 9

735 143 889 184 KATA
923 142 1252 185 ΣΤΕΦΑΝΟΤ
1284 144 1335 184 A.
1815 142 1881 195 ῃ

274 277 515 346 ἀνοίγειν·
570 272 695 329 εἶναι
745 271 798 327 δὲ
851 273 956 327 τάδ’
1012 275 1288 344 ἀντίγραφα
1335 285 1431 328 τῶν
1486 280 1743 344 διαθηκῶν
1790 288 1887 330 τῶν

278 359 550 418 Πασίωνος.

296 455 605 512 ·Ἡκούσατε
651 454 752 526 μὲν
799 465 892 526 τῆς
936 462 1235 528 μαρτυρίας
1281 454 1323 511 ὦ
1371 459 1568 529 ἄνδρες
1616 462 1885 526 δικασταί,

201 549 401 615 νομίζω
440 543 493 600 δ’
538 546 704 615 ὑμᾶς,
743 547 802 601 εἰ,
829 544 919 599 καὶ
958 542 1131 615 μηδὲν
1170 556 1281 599 τῶν
1319 549 1503 600 ἄλλων
1542 548 1891 600 αἰσθάνεσθέ

199 636 514 703 πω·,,τοῦτό
552 631 602 702 γ’
649 634 784 688 αὐτὸ
822 622 1154 708 θαυμάζειν,
1199 638 1260 689 τὸ
1300 637 1400 704 τὴν
1441 633 1541 704 μὲν
1581 635 1755 705 ἀρχὴν
1794 643 1888 704 τῆς

200 725 499 793 μαρτυρίας
529 718 670 787 εἶναι
701 725 1025 792 πρόκλησιν,
1066 724 1165 792 τὴν
1197 719 1258 776 δὲ
1297 725 1554 792 τελευτὴν
1595 725 1885 793 διαθήκην.

200 809 269 862 οὐ
304 810 416 878 μὴν
454 807 574 863 ἀλλ’
614 808 773 878 ἔγωγ’
821 808 971 879 οἶμαι
1007 813 1145 878 δεῖν,
1185 810 1427 879 ἐπειδὰν,
1468 811 1495 865 ὃ
1535 821 1646 864 τῶν
1684 831 1887 880 μεμαρ-

140 895 521 969 Ἴ’τυρημένων
569 897 803 967 ὡσπερεὶ
854 900 1153 968 κεφάλαιόν
1201 897 1334 967 ἐστ’,
1383 900 1632 963 ἐπιδείξω
1683 901 1889 964 ψεῦδος

136 1084 178 1116 10

137 1526 177 1558 11

201 986 292 1053 ὅν,
345 984 622 1055 τηνικαῦτ’
669 988 775 1056 ἤδη
824 986 914 1040 καὶ
964 987 1088 1056 περὶ
1136 997 1245 1040 τῶν
1292 990 1557 1041 τοιούτων
1607 994 1887 1042 ποιεῖσθαι

201 1076 578 1145 τοὺςὶλόγους.
657 1078 769 1128 ἔστι
811 1071 878 1144 δὴ
918 1076 1405 1145 μεμαρτυρημένον
1445 1077 1648 1145 αὐτοῖς,
1686 1095 1889 1146 προκα-

201 1167 420 1216 λεῖσθαι
454 1162 734 1232 Φορμίων’
783 1163 1029 1232 ἀνοίγειν
1068 1165 1162 1227 τὰς
1202 1166 1491 1233 διαθήκας,
1518 1165 1593 1228 ἃς
1630 1165 1888 1235 παρέχειν

199 1253 335 1321 πρὸς·
371 1253 469 1306 τὸν
516 1253 798 1322 διαιτητὴν
846 1256 1065 1305 Τεισίαν
1101 1251 1333 1321 Ἀμφίαν
1380 1255 1476 1306 τὸν
1518 1256 1886 1323 Κηφισοφῶν-

202 1359 292 1403 τος
336 1341 628 1409 κηδεστήν·
680 1340 771 1410 ἐμὲ
819 1338 868 1393 δ’
917 1341 1016 1394 οὐκ
1065 1339 1280 1394 ἐθέλειν
1331 1341 1599 1410 ἀνοίγειν·
1647 1338 1790 1394 εἶναι
1830 1339 1881 1395 δ’

201 1428 265 1492 ἃς
303 1427 459 1482 αὐτοὶ
505 1432 985 1502 μεμαρτυρήκασιν
1034 1431 1304 1497 διαθήκας
1342 1427 1716 1498 ἀντιγράφους
1753 1429 1887 1483 ἐκεί-

201 1535 332 1579 νων.
393 1512 502 1570 εἷθ’
548 1515 582 1585 ἡ
617 1517 856 1586 διαθήκη
891 1516 1201 1586 γέγραπται.
1267 1517 1372 1585 ἐγὼ
1406 1521 1596 1570 τοίνυν
1629 1515 1753 1585 περὶ
1786 1515 1887 1586 μὲν

200 1600 299 1658 τοῦ
336 1608 738 1674 προκαλεῖσθαί
772 1602 826 1674 μ’
875 1606 908 1674 ἢ
947 1608 1019 1675 μὴ
1059 1614 1227 1659 ταῦτα
1271 1603 1550 1673 Φορμίων’
1599 1603 1764 1658 οὐδέν
1803 1619 1886 1666 πω

202 1690 369 1761 λέγω,
407 1691 527 1746 οὐδ’
573 1691 710 1769 ὑπὲρ
750 1703 849 1748 τοῦ
890 1695 982 1757 τὰς
1022 1696 1290 1762 διαθήκας
1329 1693 1556 1762 ἀληθεῖς
1595 1692 1627 1762 ἢ
1667 1695 1890 1756 ψευδεῖς

122 1819 126 1821 -
201 1776 371 1848 εἶναι,
417 1779 538 1834 ἀλλ’
592 1780 765 1852 αὐτίχ’
814 1782 954 1851 ὑμᾶς
1000 1781 1122 1850 περὶ
1171 1783 1380 1836 τούτων
1422 1781 1647 1845 διδάξω·
1688 1779 1808 1834 ἀλλ’
1854 1781 1887 1834 ἃ

139 2143 180 2175 12

141 2853 183 2886 18

203 1872 707 1941 μεμαρτυρήκασιν,
747 1873 820 1940 μή
861 1869 913 1940 μ’
963 1870 1179 1924 ἐθέλειν
1219 1874 1279 1925 τὸ
1321 1881 1691 1940 γραμματεῖον
1738 1870 1888 1924 ιἰνοί-

203 1978 338 2027 γειν.
399 1958 502 2012 ὡδὶ
529 1960 595 2027 δὴ
623 1968 890 2027 σκοπεῖτε,
930 1968 1028 2013 τοῦ
1061 1980 1140 2022 τις
1173 1958 1242 2012 ἂν
1274 1957 1435 2012 εἵνεκ’
1476 1962 1706 2029 ἔφευγεν
1739 1957 1888 2013 ἀνοί-

203 2067 322 2116 γειν
366 2049 428 2102 τὸ
475 2057 859 2117 γραμματεῖον.
922 2044 994 2100 ἵν’
1040 2047 1073 2115 ἡ
1123 2049 1361 2117 διαθήκη
1413 2049 1481 2116 νὴ
1524 2050 1636 2099 Διά
1675 2048 1747 2115 μὴ
1786 2067 2020 2115 ‹poc-1105

203 2135 336 2204 νερὰ
375 2134 591 2203 γε’νοιτο
635 2145 748 2198 τοῖς
796 2137 1088 2198 δικασταῖς.
1153 2138 1202 2188 εἰ
1239 2133 1339 2204 μὲν
1380 2140 1571 2188 τοίνυν
1609 2136 1682 2204 μὴ
1722 2150 1889 2205 προσ-

204 2223 547 2292 εμαρτύρουν
598 2230 661 2292 τῇ
701 2226 999 2292 προκλήσει
1038 2225 1137 2292 τὴν
1179 2225 1454 2292 διαθήκην
1495 2219 1674 2290 οὗτοι,
1721 2226 1889 2291 λόγον

204 2307 349 2381 εἶχέν
391 2307 496 2363 τιν’
536 2308 604 2363 ἂν
636 2312 696 2365 τὸ
729 2311 957 2379 φεύγειν
990 2309 1069 2379 ἔμ’
1112 2310 1357 2379 ἀνοίγειν
1397 2313 1457 2364 τὸ
1498 2316 1889 2381 γραμματεῖον·

204 2399 781 2468 προσμαρτυρούντων
808 2397 867 2452 δὲ
892 2401 1103 2453 τούτων
1128 2399 1219 2453 καὶ
1243 2410 1352 2453 τῶν
1387 2401 1658 2452 δικαστῶν
1691 2400 1892 2468 ὁμοίως

205 2485 625 2556 ἀκουσομένων,
674 2489 732 2539 τί
772 2483 842 2555 ἦν
887 2507 979 2556 μοι
1026 2486 1219 2556 κέρδος
1257 2490 1317 2541 τὸ
1359 2490 1430 2557 μὴ
1473 2486 1710 2549 ἐθέλεινς
1761 2485 1891 2544 οὐδὲ

206 2574 266 2627 ἓν
305 2575 498 2644 δήπου.
561 2575 694 2628 αὐτὸ
744 2575 1223 2643 γὰρτούναντίον
1271 2572 1312 2627 ὦ
1354 2577 1552 2643 ἄνδρες
1585 2573 1891 2644 Ἀθηναῖοι,

204 2662 308 2717 κᾶν
357 2664 408 2717 εἰ
450 2659 625 2733 μηδὲν
673 2661 1086 2732 προύκαλοῦνθ’
1134 2660 1313 2732 οὗτοι,
1362 2666 1506 2736 λόγῳ
1558 2660 1606 2716 δ’
1656 2663 1890 2733 ἐχρῶντο

206 2753 401 2820 μόνον,
437 2750 528 2805 καὶ
559 2750 927 2821 παρεῖχέντις
960 2752 1145 2814 αὐτοῖς
1176 2761 1544 2821 γραμματεῖον
1585 2750 1657 2814 ὡς
1697 2753 1895 2821 διαθή-

205 2859 340 2908 κην,
386 2839 518 2908 ἐμὸν
568 2836 637 2909 ἦν
683 2842 743 2893 τὸ
791 2845 1187 2906 προκαλεῖσθαι
1236 2838 1324 2892 καὶ
1366 2840 1608 2893 κελεύειν
1648 2839 1894 2907 ἀνοίγειν

207 2928 430 2996 ταύτην,
469 2924 542 2981 ἵν’
589 2929 640 2981 εἰ
676 2925 776 2997 μὲν
816 2927 935 2981 ἄλλ’
983 2930 1113 2982 ἅττα
1153 2937 1261 2981 τῶν
1295 2929 1402 2982 ὑπὸ
1442 2929 1652 2982 τούτων
1692 2948 1893 2998 μεμαρ-
