<?xml version="1.0" encoding="UTF-8"?>
<!DOCTYPE html PUBLIC "-//W3C//DTD XHTML 1.0 Transitional//EN"
    "http://www.w3.org/TR/xhtml1/DTD/xhtml1-transitional.dtd">
<html xmlns="http://www.w3.org/1999/xhtml" xml:lang="en" lang="en">
 <head>
  <title>
</title>
<meta http-equiv="Content-Type" content="text/html;charset=utf-8" />
  <meta name='ocr-system' content='tesseract 3.04.00' />
  <meta name='ocr-capabilities' content='ocr_page ocr_carea ocr_par ocr_line ocrx_word'/>
</head>
<body>
  <div class='ocr_page' id='page_1' title='image "./p1orationesexrecen03demouoft_0150.png"; bbox 0 0 2035 3158; ppageno 0'>
   <div class='ocr_carea' id='block_1_1' title="bbox 198 152 1373 217">
    <p class='ocr_par' dir='ltr' id='par_1_1' title="bbox 198 152 1373 217">
     <span class='ocr_line' id='line_1_1' title="bbox 198 152 1373 217; baseline -0.014 -6"><span class='ocrx_word' id='word_1_1' title='bbox 198 159 306 211; x_wconf 86' lang='lat'><em>144</em></span> <span class='ocrx_word' id='word_1_2' title='bbox 671 158 828 199; x_wconf 77' lang='lat' dir='ltr'>XLIX.</span> <span class='ocrx_word' id='word_1_3' title='bbox 869 152 1373 217; x_wconf 76' lang='grc' dir='ltr'>[ΔΗΜΟΣΘΕΝΟΤΣ]</span> 
     </span>
    </p>
   </div>
   <div class='ocr_carea' id='block_1_2' title="bbox 357 345 1786 537">
    <p class='ocr_par' dir='ltr' id='par_1_2' title="bbox 357 345 1786 537">
     <span class='ocr_line' id='line_1_2' title="bbox 940 345 1130 399; baseline 0 0"><span class='ocrx_word' id='word_1_4' title='bbox 940 345 1130 399; x_wconf 86' lang='lat' dir='ltr'>XLIX.</span> 
     </span>
     <span class='ocr_line' id='line_1_3' title="bbox 357 413 1786 537; baseline -0.003 -10"><span class='ocrx_word' id='word_1_5' title='bbox 357 465 591 527; x_wconf 84' lang='grc' dir='ltr'>ΠΡΟΣ</span> <span class='ocrx_word' id='word_1_6' title='bbox 642 462 1100 537; x_wconf 78' lang='grc' dir='ltr'>ΤΙΜΟΘΕΟΝ</span> <span class='ocrx_word' id='word_1_7' title='bbox 1141 463 1375 523; x_wconf 69' lang='grc' dir='ltr'>ΥΠΕΡ</span> <span class='ocrx_word' id='word_1_8' title='bbox 1418 413 1720 523; x_wconf 66' lang='grc' dir='ltr'>ΧΡΕῼΣ.</span> <span class='ocrx_word' id='word_1_9' title='bbox 1784 416 1786 419; x_wconf 46' lang='grc'><strong>’</strong></span> 
     </span>
    </p>
   </div>
   <div class='ocr_carea' id='block_1_3' title="bbox 870 618 1202 662">
    <p class='ocr_par' dir='ltr' id='par_1_3' title="bbox 870 618 1202 662">
     <span class='ocr_line' id='line_1_4' title="bbox 870 618 1202 662; baseline 0.003 -1"><span class='ocrx_word' id='word_1_10' title='bbox 870 618 1202 662; x_wconf 84' lang='grc' dir='ltr'>ΤΠΟΘΕΣΙΣ.</span> 
     </span>
    </p>
   </div>
   <div class='ocr_carea' id='block_1_4' title="bbox 1963 0 2035 1118">
    <p class='ocr_par' dir='ltr' id='par_1_4' title="bbox 1963 0 2035 1118">
     <span class='ocr_line' id='line_1_5' title="bbox 1963 0 2035 1118; baseline 0 -287"><span class='ocrx_word' id='word_1_11' title='bbox 1963 0 2035 1118; x_wconf 95' lang='lat' dir='ltr'><em>   </em></span> 
     </span>
    </p>
   </div>
   <div class='ocr_carea' id='block_1_5' title="bbox 197 722 2035 1762">
    <p class='ocr_par' dir='ltr' id='par_1_5' title="bbox 197 722 2035 1762">
     <span class='ocr_line' id='line_1_6' title="bbox 313 722 2015 795; baseline -0.005 -15"><span class='ocrx_word' id='word_1_12' title='bbox 313 729 558 795; x_wconf 86' lang='grc' dir='ltr'><em>Τιμόθεον</em></span> <span class='ocrx_word' id='word_1_13' title='bbox 595 728 680 778; x_wconf 88' lang='grc' dir='ltr'><em>τὸν</em></span> <span class='ocrx_word' id='word_1_14' title='bbox 714 722 1008 790; x_wconf 81' lang='grc' dir='ltr'><em>Ἀθηναῖον,</em></span> <span class='ocrx_word' id='word_1_15' title='bbox 1053 723 1211 791; x_wconf 77' lang='grc' dir='ltr'><em>ἄνδρα</em></span> <span class='ocrx_word' id='word_1_16' title='bbox 1249 725 1450 786; x_wconf 71' lang='grc' dir='ltr'><em>ἔνδοξον</em></span> <span class='ocrx_word' id='word_1_17' title='bbox 1486 724 1569 775; x_wconf 85' lang='grc' dir='ltr'><em>καὶ</em></span> <span class='ocrx_word' id='word_1_18' title='bbox 1608 722 1874 790; x_wconf 76' lang='grc' dir='ltr'><em>στρατηγή-</em></span> <span class='ocrx_word' id='word_1_19' title='bbox 1896 745 2015 786; x_wconf 31' lang='grc'>1184,</span> 
     </span>
     <span class='ocr_line' id='line_1_7' title="bbox 197 802 1875 875; baseline -0.004 -15"><span class='ocrx_word' id='word_1_20' title='bbox 197 803 353 860; x_wconf 81' lang='grc' dir='ltr'><em>σαντα</em></span> <span class='ocrx_word' id='word_1_21' title='bbox 388 819 475 875; x_wconf 84' lang='grc' dir='ltr'><em>τῆς</em></span> <span class='ocrx_word' id='word_1_22' title='bbox 525 806 736 873; x_wconf 86' lang='grc' dir='ltr'><em>πόλεως,</em></span> <span class='ocrx_word' id='word_1_23' title='bbox 783 802 1142 872; x_wconf 80' lang='grc' dir='ltr'><em>Ἀπολλόδωρος</em></span> <span class='ocrx_word' id='word_1_24' title='bbox 1191 804 1391 855; x_wconf 82' lang='grc' dir='ltr'><em>ἀπαιτεῖ</em></span> <span class='ocrx_word' id='word_1_25' title='bbox 1431 804 1565 872; x_wconf 82' lang='grc' dir='ltr'><em>χρέα,</em></span> <span class='ocrx_word' id='word_1_26' title='bbox 1611 803 1764 871; x_wconf 66' lang='grc' dir='ltr'><em>λέγων</em></span> <span class='ocrx_word' id='word_1_27' title='bbox 1804 803 1875 853; x_wconf 84' lang='grc' dir='ltr'><em>ὅτι</em></span> 
     </span>
     <span class='ocr_line' id='line_1_8' title="bbox 201 881 1875 960; baseline -0.004 -21"><span class='ocrx_word' id='word_1_28' title='bbox 201 891 427 940; x_wconf 85' lang='grc' dir='ltr'><em>Πασίωνι</em></span> <span class='ocrx_word' id='word_1_29' title='bbox 457 891 584 960; x_wconf 80' lang='grc' dir='ltr'><em>φίλῳ</em></span> <span class='ocrx_word' id='word_1_30' title='bbox 615 889 858 955; x_wconf 86' lang='grc' dir='ltr'><em>χρώμενος</em></span> <span class='ocrx_word' id='word_1_31' title='bbox 889 885 914 936; x_wconf 82' lang='grc' dir='ltr'><em>ὅ</em></span> <span class='ocrx_word' id='word_1_32' title='bbox 949 886 1205 951; x_wconf 84' lang='grc' dir='ltr'><em>Τιμόθεος,</em></span> <span class='ocrx_word' id='word_1_33' title='bbox 1244 886 1381 952; x_wconf 77' lang='grc' dir='ltr'><em>ἔλαβε</em></span> <span class='ocrx_word' id='word_1_34' title='bbox 1419 881 1535 954; x_wconf 90' lang='grc' dir='ltr'><em>παρ’</em></span> <span class='ocrx_word' id='word_1_35' title='bbox 1572 886 1722 936; x_wconf 83' lang='grc' dir='ltr'><em>αὐτοῦ</em></span> <span class='ocrx_word' id='word_1_36' title='bbox 1761 884 1875 950; x_wconf 83' lang='grc' dir='ltr'><em>χρή-</em></span> 
     </span>
     <span class='ocr_line' id='line_1_9' title="bbox 201 964 1875 1036; baseline -0.005 -15"><span class='ocrx_word' id='word_1_37' title='bbox 201 990 343 1036; x_wconf 87' lang='grc' dir='ltr'><em>ματα,</em></span> <span class='ocrx_word' id='word_1_38' title='bbox 380 970 462 1020; x_wconf 87' lang='grc' dir='ltr'><em>καὶ</em></span> <span class='ocrx_word' id='word_1_39' title='bbox 502 968 711 1035; x_wconf 77' lang='grc' dir='ltr'><em>ὀφείλων</em></span> <span class='ocrx_word' id='word_1_40' title='bbox 750 968 802 1017; x_wconf 81' lang='grc' dir='ltr'><em>ἐν</em></span> <span class='ocrx_word' id='word_1_41' title='bbox 833 972 934 1026; x_wconf 87' lang='grc' dir='ltr'><em>τοῖς</em></span> <span class='ocrx_word' id='word_1_42' title='bbox 974 968 1317 1032; x_wconf 77' lang='grc' dir='ltr'><em>τραπεζιτικοῖς</em></span> <span class='ocrx_word' id='word_1_43' title='bbox 1348 965 1509 1032; x_wconf 79' lang='grc' dir='ltr'><em>λόγοις</em></span> <span class='ocrx_word' id='word_1_44' title='bbox 1547 964 1875 1033; x_wconf 76' lang='grc' dir='ltr'><em>ἐγγέγραπται.</em></span> 
     </span>
     <span class='ocr_line' id='line_1_10' title="bbox 199 1040 1876 1117; baseline -0.005 -15"><span class='ocrx_word' id='word_1_45' title='bbox 199 1051 258 1102; x_wconf 79' lang='grc' dir='ltr'><em>τὰ</em></span> <span class='ocrx_word' id='word_1_46' title='bbox 298 1050 385 1117; x_wconf 81' lang='grc' dir='ltr'><em>μὲν</em></span> <span class='ocrx_word' id='word_1_47' title='bbox 424 1051 485 1116; x_wconf 80' lang='grc' dir='ltr'><em>δὴ</em></span> <span class='ocrx_word' id='word_1_48' title='bbox 525 1045 668 1100; x_wconf 85' lang='grc' dir='ltr'><em>πάντ’</em></span> <span class='ocrx_word' id='word_1_49' title='bbox 706 1047 961 1114; x_wconf 77' lang='grc' dir='ltr'><em>ὀφλήματα</em></span> <span class='ocrx_word' id='word_1_50' title='bbox 997 1045 1192 1113; x_wconf 85' lang='grc' dir='ltr'><em>τέτταρα</em></span> <span class='ocrx_word' id='word_1_51' title='bbox 1229 1051 1612 1113; x_wconf 76' lang='grc' dir='ltr'><em>καταριθμεῖται,</em></span> <span class='ocrx_word' id='word_1_52' title='bbox 1651 1040 1730 1110; x_wconf 81' lang='grc' dir='ltr'><em>ἐφ’</em></span> <span class='ocrx_word' id='word_1_53' title='bbox 1766 1044 1876 1095; x_wconf 79' lang='grc' dir='ltr'><em>ἑκά-</em></span> 
     </span>
     <span class='ocr_line' id='line_1_11' title="bbox 198 1121 2035 1196; baseline -0.004 -15"><span class='ocrx_word' id='word_1_54' title='bbox 198 1147 318 1184; x_wconf 87' lang='grc' dir='ltr'><em>στου</em></span> <span class='ocrx_word' id='word_1_55' title='bbox 358 1130 410 1182; x_wconf 79' lang='grc' dir='ltr'><em>δὲ</em></span> <span class='ocrx_word' id='word_1_56' title='bbox 448 1132 531 1182; x_wconf 82' lang='grc' dir='ltr'><em>καὶ</em></span> <span class='ocrx_word' id='word_1_57' title='bbox 568 1131 681 1191; x_wconf 86' lang='grc' dir='ltr'><em>τοὺς</em></span> <span class='ocrx_word' id='word_1_58' title='bbox 719 1129 925 1196; x_wconf 85' lang='grc' dir='ltr'><em>χρόνους</em></span> <span class='ocrx_word' id='word_1_59' title='bbox 956 1127 1152 1187; x_wconf 79' lang='grc' dir='ltr'><em>καὶτὰς</em></span> <span class='ocrx_word' id='word_1_60' title='bbox 1183 1127 1353 1191; x_wconf 81' lang='grc' dir='ltr'><em>αἰτίας,</em></span> <span class='ocrx_word' id='word_1_61' title='bbox 1394 1121 1459 1176; x_wconf 86' lang='grc' dir='ltr'><em>δι’</em></span> <span class='ocrx_word' id='word_1_62' title='bbox 1502 1125 1559 1187; x_wconf 71' lang='grc' dir='ltr'><em>ἃς</em></span> <span class='ocrx_word' id='word_1_63' title='bbox 1598 1126 1875 1176; x_wconf 83' lang='grc' dir='ltr'><em>ἐδανείσατο</em></span> <span class='ocrx_word' id='word_1_64' title='bbox 2024 1123 2035 1168; x_wconf 50' lang='grc' dir='ltr'><em>’ἦ</em></span> 
     </span>
     <span class='ocr_line' id='line_1_12' title="bbox 208 1197 1877 1278; baseline -0.004 -16"><span class='ocrx_word' id='word_1_65' title='bbox 208 1207 465 1278; x_wconf 84' lang='grc' dir='ltr'><em>Τιμόθεος,</em></span> <span class='ocrx_word' id='word_1_66' title='bbox 504 1211 715 1278; x_wconf 81' lang='grc' dir='ltr'><em>ἀκριβῶς</em></span> <span class='ocrx_word' id='word_1_67' title='bbox 746 1211 918 1276; x_wconf 81' lang='grc' dir='ltr'><em>εἴρηκε.</em></span> <span class='ocrx_word' id='word_1_68' title='bbox 979 1197 1062 1257; x_wconf 71' lang='grc' dir='ltr'><em>καὶ</em></span> <span class='ocrx_word' id='word_1_69' title='bbox 1099 1207 1183 1268; x_wconf 81' lang='grc' dir='ltr'><em>τὰς</em></span> <span class='ocrx_word' id='word_1_70' title='bbox 1222 1205 1310 1272; x_wconf 79' lang='grc' dir='ltr'><em>μὲν</em></span> <span class='ocrx_word' id='word_1_71' title='bbox 1348 1209 1571 1268; x_wconf 85' lang='grc' dir='ltr'><em>πλείστας</em></span> <span class='ocrx_word' id='word_1_72' title='bbox 1609 1206 1877 1268; x_wconf 80' lang='grc' dir='ltr'><em>ἀποδείξεις</em></span> 
     </span>
     <span class='ocr_line' id='line_1_13' title="bbox 200 1287 1879 1358; baseline -0.002 -16"><span class='ocrx_word' id='word_1_73' title='bbox 200 1292 256 1341; x_wconf 76' lang='grc' dir='ltr'><em>ἐκ</em></span> <span class='ocrx_word' id='word_1_74' title='bbox 285 1299 383 1342; x_wconf 84' lang='grc' dir='ltr'><em>τῶν</em></span> <span class='ocrx_word' id='word_1_75' title='bbox 412 1291 726 1358; x_wconf 84' lang='grc' dir='ltr'><em>καλουμένων</em></span> <span class='ocrx_word' id='word_1_76' title='bbox 758 1289 969 1356; x_wconf 83' lang='grc' dir='ltr'><em>ἀτέχνων</em></span> <span class='ocrx_word' id='word_1_77' title='bbox 1007 1290 1215 1338; x_wconf 82' lang='grc' dir='ltr'><em>πίστεων</em></span> <span class='ocrx_word' id='word_1_78' title='bbox 1252 1287 1563 1355; x_wconf 84' lang='grc' dir='ltr'><em>παρέσχηται,</em></span> <span class='ocrx_word' id='word_1_79' title='bbox 1602 1295 1879 1355; x_wconf 84' lang='grc' dir='ltr'><em>μαρτυριῶν</em></span> 
     </span>
     <span class='ocr_line' id='line_1_14' title="bbox 201 1367 1879 1440; baseline -0.003 -16"><span class='ocrx_word' id='word_1_80' title='bbox 201 1372 285 1424; x_wconf 79' lang='grc' dir='ltr'><em>καὶ</em></span> <span class='ocrx_word' id='word_1_81' title='bbox 321 1373 655 1440; x_wconf 56' lang='grc' dir='ltr'><em>προκλήσεων</em></span> <span class='ocrx_word' id='word_1_82' title='bbox 702 1370 836 1431; x_wconf 81' lang='grc' dir='ltr'><em>τινὰς</em></span> <span class='ocrx_word' id='word_1_83' title='bbox 884 1368 936 1419; x_wconf 83' lang='grc' dir='ltr'><em>δὲ</em></span> <span class='ocrx_word' id='word_1_84' title='bbox 981 1369 1063 1419; x_wconf 86' lang='grc' dir='ltr'><em>καὶ</em></span> <span class='ocrx_word' id='word_1_85' title='bbox 1109 1367 1358 1435; x_wconf 80' lang='grc' dir='ltr'><em>ἕντέχνους</em></span> <span class='ocrx_word' id='word_1_86' title='bbox 1397 1368 1492 1419; x_wconf 82' lang='grc' dir='ltr'><em>ἀπὸ</em></span> <span class='ocrx_word' id='word_1_87' title='bbox 1531 1376 1629 1418; x_wconf 87' lang='grc' dir='ltr'><em>τῶν</em></span> <span class='ocrx_word' id='word_1_88' title='bbox 1666 1369 1879 1420; x_wconf 85' lang='grc' dir='ltr'><em>εἰκότων.</em></span> 
     </span>
     <span class='ocr_line' id='line_1_15' title="bbox 203 1444 1878 1517; baseline -0.002 -16"><span class='ocrx_word' id='word_1_89' title='bbox 203 1452 287 1502; x_wconf 84' lang='grc' dir='ltr'><em>καὶ</em></span> <span class='ocrx_word' id='word_1_90' title='bbox 325 1451 351 1503; x_wconf 82' lang='grc' dir='ltr'>ὁ</span> <span class='ocrx_word' id='word_1_91' title='bbox 389 1451 477 1517; x_wconf 83' lang='grc' dir='ltr'><em>μὲν</em></span> <span class='ocrx_word' id='word_1_92' title='bbox 512 1447 874 1516; x_wconf 84' lang='grc' dir='ltr'><em>Ἀπολλόδωρος</em></span> <span class='ocrx_word' id='word_1_93' title='bbox 917 1450 1160 1514; x_wconf 83' lang='grc' dir='ltr'><em>Τιμόθεον</em></span> <span class='ocrx_word' id='word_1_94' title='bbox 1200 1444 1329 1499; x_wconf 81' lang='grc' dir='ltr'><em>εἶναί</em></span> <span class='ocrx_word' id='word_1_95' title='bbox 1372 1463 1496 1514; x_wconf 88' lang='grc' dir='ltr'><em>φησι</em></span> <span class='ocrx_word' id='word_1_96' title='bbox 1532 1448 1617 1499; x_wconf 90' lang='grc' dir='ltr'><em>τὸν</em></span> <span class='ocrx_word' id='word_1_97' title='bbox 1657 1450 1878 1499; x_wconf 85' lang='grc' dir='ltr'><em>δανεισά-</em></span> 
     </span>
     <span class='ocr_line' id='line_1_16' title="bbox 203 1522 1879 1598; baseline -0.001 -15"><span class='ocrx_word' id='word_1_98' title='bbox 203 1526 370 1598; x_wconf 80' lang='grc' dir='ltr'><em>μενον,</em></span> <span class='ocrx_word' id='word_1_99' title='bbox 404 1532 489 1586; x_wconf 82' lang='grc' dir='ltr'><em>,καὶ</em></span> <span class='ocrx_word' id='word_1_100' title='bbox 518 1538 619 1592; x_wconf 82' lang='grc' dir='ltr'><em>τοῖς</em></span> <span class='ocrx_word' id='word_1_101' title='bbox 649 1522 745 1582; x_wconf 68' lang='grc' dir='ltr'><em>ὑπὸ</em></span> <span class='ocrx_word' id='word_1_102' title='bbox 789 1529 1035 1596; x_wconf 81' lang='grc' dir='ltr'><em>Τιμοθέου</em></span> <span class='ocrx_word' id='word_1_103' title='bbox 1068 1535 1351 1579; x_wconf 86' lang='grc' dir='ltr'><em>συσταθεῖσι</em></span> <span class='ocrx_word' id='word_1_104' title='bbox 1383 1530 1600 1595; x_wconf 82' lang='grc' dir='ltr'><em>δοθῆναι</em></span> <span class='ocrx_word' id='word_1_105' title='bbox 1638 1530 1690 1580; x_wconf 87' lang='grc' dir='ltr'><em>τὸ</em></span> <span class='ocrx_word' id='word_1_106' title='bbox 1731 1529 1879 1597; x_wconf 78' lang='grc' dir='ltr'><em>ἀργύ-</em></span> 
     </span>
     <span class='ocr_line' id='line_1_17' title="bbox 205 1605 1880 1681; baseline -0.002 -18"><span class='ocrx_word' id='word_1_107' title='bbox 205 1633 313 1681; x_wconf 89' lang='grc' dir='ltr'><em>ριον</em></span> <span class='ocrx_word' id='word_1_108' title='bbox 344 1613 440 1664; x_wconf 81' lang='grc' dir='ltr'><em>ἀπὸ</em></span> <span class='ocrx_word' id='word_1_109' title='bbox 470 1622 556 1678; x_wconf 84' lang='grc' dir='ltr'><em>τῆς</em></span> <span class='ocrx_word' id='word_1_110' title='bbox 586 1611 837 1679; x_wconf 80' lang='grc' dir='ltr'><em>τραπέζης·</em></span> <span class='ocrx_word' id='word_1_111' title='bbox 879 1610 905 1662; x_wconf 84' lang='grc' dir='ltr'>ὁ</span> <span class='ocrx_word' id='word_1_112' title='bbox 938 1606 984 1661; x_wconf 80' lang='grc' dir='ltr'><em>δ’</em></span> <span class='ocrx_word' id='word_1_113' title='bbox 1021 1612 1107 1677; x_wconf 82' lang='grc' dir='ltr'><em>οὐχ</em></span> <span class='ocrx_word' id='word_1_114' title='bbox 1138 1610 1327 1676; x_wconf 78' lang='grc' dir='ltr'><em>ἑαυτὸν,</em></span> <span class='ocrx_word' id='word_1_115' title='bbox 1359 1605 1462 1660; x_wconf 81' lang='grc' dir='ltr'><em>ἀλλ’</em></span> <span class='ocrx_word' id='word_1_116' title='bbox 1497 1609 1712 1672; x_wconf 81' lang='grc' dir='ltr'><em>ἐκείνους</em></span> <span class='ocrx_word' id='word_1_117' title='bbox 1745 1609 1880 1676; x_wconf 80' lang='grc' dir='ltr'><em>ὀφεί-</em></span> 
     </span>
     <span class='ocr_line' id='line_1_18' title="bbox 203 1689 523 1762; baseline 0.003 -18"><span class='ocrx_word' id='word_1_118' title='bbox 203 1699 306 1744; x_wconf 83' lang='grc' dir='ltr'><em>λειν</em></span> <span class='ocrx_word' id='word_1_119' title='bbox 344 1693 481 1762; x_wconf 80' lang='grc' dir='ltr'><em>λέγει.</em></span> <span class='ocrx_word' id='word_1_120' title='bbox 520 1689 523 1693; x_wconf 50' lang='grc'><strong>’</strong></span> 
     </span>
    </p>
   </div>
   <div class='ocr_carea' id='block_1_6' title="bbox 204 1862 2015 2993">
    <p class='ocr_par' dir='ltr' id='par_1_6' title="bbox 204 1862 2015 2993">
     <span class='ocr_line' id='line_1_19' title="bbox 317 1862 1882 1936; baseline -0.002 -15"><span class='ocrx_word' id='word_1_121' title='bbox 317 1866 538 1936; x_wconf 83' lang='grc' dir='ltr'><em>Μηδενὶ</em></span> <span class='ocrx_word' id='word_1_122' title='bbox 570 1868 725 1936; x_wconf 84' lang='grc' dir='ltr'><em>ὑμῶν</em></span> <span class='ocrx_word' id='word_1_123' title='bbox 758 1869 986 1919; x_wconf 78' lang='grc' dir='ltr'><em>ἄπιστον</em></span> <span class='ocrx_word' id='word_1_124' title='bbox 1027 1864 1273 1933; x_wconf 75' lang='grc' dir='ltr'><em>γενέσθω</em></span> <span class='ocrx_word' id='word_1_125' title='bbox 1308 1862 1348 1917; x_wconf 85' lang='grc' dir='ltr'><em>ὦ</em></span> <span class='ocrx_word' id='word_1_126' title='bbox 1382 1866 1578 1934; x_wconf 76' lang='grc' dir='ltr'><em>ἄνδρες</em></span> <span class='ocrx_word' id='word_1_127' title='bbox 1617 1866 1882 1933; x_wconf 77' lang='grc' dir='ltr'><em>δικασταί,</em></span> 
     </span>
     <span class='ocr_line' id='line_1_20' title="bbox 204 1952 1882 2025; baseline -0.003 -15"><span class='ocrx_word' id='word_1_128' title='bbox 204 1958 260 2010; x_wconf 85' lang='grc' dir='ltr'><em>εἰ</em></span> <span class='ocrx_word' id='word_1_129' title='bbox 295 1959 563 2025; x_wconf 78' lang='grc' dir='ltr'><em>Τιμόθεος</em></span> <span class='ocrx_word' id='word_1_130' title='bbox 595 1955 832 2025; x_wconf 81' lang='grc' dir='ltr'><em>ὀφείλων</em></span> <span class='ocrx_word' id='word_1_131' title='bbox 865 1954 1130 2023; x_wconf 80' lang='grc' dir='ltr'><em>ἀργύριον</em></span> <span class='ocrx_word' id='word_1_132' title='bbox 1162 1961 1233 2023; x_wconf 79' lang='grc' dir='ltr'><em>τῷ</em></span> <span class='ocrx_word' id='word_1_133' title='bbox 1275 1952 1437 2022; x_wconf 86' lang='grc' dir='ltr'><em>πατρὶ</em></span> <span class='ocrx_word' id='word_1_134' title='bbox 1468 1961 1541 2024; x_wconf 79' lang='grc' dir='ltr'><em>τῷ</em></span> <span class='ocrx_word' id='word_1_135' title='bbox 1584 1952 1714 2025; x_wconf 78' lang='grc' dir='ltr'><em>ἐμῷ,</em></span> <span class='ocrx_word' id='word_1_136' title='bbox 1751 1954 1882 2023; x_wconf 92' lang='grc' dir='ltr'><em>φεύ-</em></span> 
     </span>
     <span class='ocr_line' id='line_1_21' title="bbox 209 2037 1884 2113; baseline -0.002 -15"><span class='ocrx_word' id='word_1_137' title='bbox 209 2065 292 2113; x_wconf 75' lang='grc' dir='ltr'><em>γει</em></span> <span class='ocrx_word' id='word_1_138' title='bbox 322 2053 426 2097; x_wconf 85' lang='grc' dir='ltr'><em>νῦν</em></span> <span class='ocrx_word' id='word_1_139' title='bbox 451 2040 541 2095; x_wconf 84' lang='grc' dir='ltr'><em>ὑπ’</em></span> <span class='ocrx_word' id='word_1_140' title='bbox 574 2042 707 2111; x_wconf 82' lang='grc' dir='ltr'><em>ἐμοῦ</em></span> <span class='ocrx_word' id='word_1_141' title='bbox 739 2043 941 2109; x_wconf 87' lang='grc' dir='ltr'><em>ταύτην</em></span> <span class='ocrx_word' id='word_1_142' title='bbox 972 2042 1072 2109; x_wconf 86' lang='grc' dir='ltr'><em>τὴν</em></span> <span class='ocrx_word' id='word_1_143' title='bbox 1107 2042 1279 2108; x_wconf 83' lang='grc' dir='ltr'><em>δίκην.</em></span> <span class='ocrx_word' id='word_1_144' title='bbox 1343 2037 1460 2093; x_wconf 83' lang='grc' dir='ltr'><em>ἀλλ’</em></span> <span class='ocrx_word' id='word_1_145' title='bbox 1493 2040 1714 2093; x_wconf 83' lang='grc' dir='ltr'><em>ἐπειδὰν</em></span> <span class='ocrx_word' id='word_1_146' title='bbox 1744 2040 1884 2110; x_wconf 75' lang='grc' dir='ltr'><em>ὑμᾶς</em></span> 
     </span>
     <span class='ocr_line' id='line_1_22' title="bbox 206 2122 2015 2202; baseline -0.001 -17"><span class='ocrx_word' id='word_1_147' title='bbox 206 2133 504 2200; x_wconf 76' lang='grc' dir='ltr'><em>ἀναμνήσω</em></span> <span class='ocrx_word' id='word_1_148' title='bbox 545 2134 640 2184; x_wconf 89' lang='grc' dir='ltr'><em>τόν</em></span> <span class='ocrx_word' id='word_1_149' title='bbox 679 2150 734 2183; x_wconf 90' lang='grc' dir='ltr'><em>τε</em></span> <span class='ocrx_word' id='word_1_150' title='bbox 767 2131 959 2198; x_wconf 85' lang='grc' dir='ltr'><em>καιρὸν</em></span> <span class='ocrx_word' id='word_1_151' title='bbox 1001 2128 1059 2181; x_wconf 85' lang='grc' dir='ltr'><em>ἐν</em></span> <span class='ocrx_word' id='word_1_152' title='bbox 1100 2122 1141 2199; x_wconf 72' lang='grc' dir='ltr'><em>ᾧ</em></span> <span class='ocrx_word' id='word_1_153' title='bbox 1175 2131 1235 2182; x_wconf 89' lang='grc' dir='ltr'><em>τὸ</em></span> <span class='ocrx_word' id='word_1_154' title='bbox 1273 2131 1611 2197; x_wconf 86' lang='grc' dir='ltr'><em>συμβόλαιον</em></span> <span class='ocrx_word' id='word_1_155' title='bbox 1652 2127 1883 2197; x_wconf 81' lang='grc' dir='ltr'><em>ἐγένετο,</em></span> <span class='ocrx_word' id='word_1_156' title='bbox 1906 2146 2015 2202; x_wconf 73' lang='lat'><em>1185</em></span> 
     </span>
     <span class='ocr_line' id='line_1_23' title="bbox 207 2216 1885 2290; baseline -0.003 -16"><span class='ocrx_word' id='word_1_157' title='bbox 207 2219 299 2274; x_wconf 77' lang='grc' dir='ltr'><em>καὶ</em></span> <span class='ocrx_word' id='word_1_158' title='bbox 337 2221 402 2274; x_wconf 81' lang='grc' dir='ltr'><em>τὰ</em></span> <span class='ocrx_word' id='word_1_159' title='bbox 442 2219 724 2288; x_wconf 74' lang='grc' dir='ltr'><em>συμβάντα</em></span> <span class='ocrx_word' id='word_1_160' title='bbox 762 2219 936 2290; x_wconf 77' lang='grc' dir='ltr'><em>τούτῳ</em></span> <span class='ocrx_word' id='word_1_161' title='bbox 979 2217 1038 2270; x_wconf 84' lang='grc' dir='ltr'><em>ἐν</em></span> <span class='ocrx_word' id='word_1_162' title='bbox 1080 2217 1267 2289; x_wconf 78' lang='grc' dir='ltr'><em>ἐκείνῳ</em></span> <span class='ocrx_word' id='word_1_163' title='bbox 1307 2225 1379 2288; x_wconf 79' lang='grc' dir='ltr'><em>τῷ</em></span> <span class='ocrx_word' id='word_1_164' title='bbox 1422 2220 1628 2290; x_wconf 80' lang='grc' dir='ltr'><em>χρόνῳ,</em></span> <span class='ocrx_word' id='word_1_165' title='bbox 1679 2216 1769 2270; x_wconf 84' lang='grc' dir='ltr'><em>καὶ</em></span> <span class='ocrx_word' id='word_1_166' title='bbox 1808 2218 1885 2279; x_wconf 80' lang='grc' dir='ltr'><em>εἰς</em></span> 
     </span>
     <span class='ocr_line' id='line_1_24' title="bbox 210 2301 1884 2377; baseline -0.002 -16"><span class='ocrx_word' id='word_1_167' title='bbox 210 2309 346 2377; x_wconf 83' lang='grc' dir='ltr'><em>ὅσην</em></span> <span class='ocrx_word' id='word_1_168' title='bbox 386 2307 619 2376; x_wconf 79' lang='grc' dir='ltr'><em>ἀπορίαν</em></span> <span class='ocrx_word' id='word_1_169' title='bbox 668 2305 891 2375; x_wconf 83' lang='grc' dir='ltr'><em>κατέστη</em></span> <span class='ocrx_word' id='word_1_170' title='bbox 933 2302 1122 2373; x_wconf 80' lang='grc' dir='ltr'><em>οὗτος,</em></span> <span class='ocrx_word' id='word_1_171' title='bbox 1169 2302 1290 2359; x_wconf 89' lang='grc' dir='ltr'><em>τόθ’</em></span> <span class='ocrx_word' id='word_1_172' title='bbox 1335 2305 1611 2373; x_wconf 77' lang='grc' dir='ltr'><em>ἡγήσεσθε</em></span> <span class='ocrx_word' id='word_1_173' title='bbox 1649 2307 1746 2358; x_wconf 84' lang='grc' dir='ltr'><em>τὸν</em></span> <span class='ocrx_word' id='word_1_174' title='bbox 1784 2301 1884 2374; x_wconf 74' lang='grc' dir='ltr'><em>μὲν</em></span> 
     </span>
     <span class='ocr_line' id='line_1_25' title="bbox 210 2391 1884 2467; baseline -0.002 -18"><span class='ocrx_word' id='word_1_175' title='bbox 210 2394 412 2465; x_wconf 83' lang='grc' dir='ltr'><em>πατέρα</em></span> <span class='ocrx_word' id='word_1_176' title='bbox 458 2397 554 2448; x_wconf 92' lang='grc' dir='ltr'><em>τὸν</em></span> <span class='ocrx_word' id='word_1_177' title='bbox 601 2394 732 2467; x_wconf 85' lang='grc' dir='ltr'><em>ἐμὸν</em></span> <span class='ocrx_word' id='word_1_178' title='bbox 779 2392 1061 2462; x_wconf 83' lang='grc' dir='ltr'><em>βέλτιστον</em></span> <span class='ocrx_word' id='word_1_179' title='bbox 1107 2391 1366 2461; x_wconf 77' lang='grc' dir='ltr'><em>γενέσθαι</em></span> <span class='ocrx_word' id='word_1_180' title='bbox 1413 2391 1537 2461; x_wconf 85' lang='grc' dir='ltr'><em>περὶ</em></span> <span class='ocrx_word' id='word_1_181' title='bbox 1591 2395 1884 2460; x_wconf 84' lang='grc' dir='ltr'><em>Τιμόθεον,</em></span> 
     </span>
     <span class='ocr_line' id='line_1_26' title="bbox 210 2477 1917 2551; baseline -0.004 -13"><span class='ocrx_word' id='word_1_182' title='bbox 210 2493 407 2538; x_wconf 87' lang='grc' dir='ltr'><em>τοῦτον</em></span> <span class='ocrx_word' id='word_1_183' title='bbox 447 2480 496 2535; x_wconf 88' lang='grc' dir='ltr'><em>δ’</em></span> <span class='ocrx_word' id='word_1_184' title='bbox 544 2482 610 2535; x_wconf 86' lang='grc' dir='ltr'><em>οὐ</em></span> <span class='ocrx_word' id='word_1_185' title='bbox 649 2485 823 2550; x_wconf 84' lang='grc' dir='ltr'><em>μόνον</em></span> <span class='ocrx_word' id='word_1_186' title='bbox 857 2480 1150 2551; x_wconf 72' lang='grc' dir='ltr'><em>ἀχάριστον</em></span> <span class='ocrx_word' id='word_1_187' title='bbox 1189 2477 1348 2547; x_wconf 82' lang='grc' dir='ltr'><em>εἶναι,</em></span> <span class='ocrx_word' id='word_1_188' title='bbox 1388 2479 1524 2532; x_wconf 79' lang='grc' dir='ltr'><em>ἀλλὰ</em></span> <span class='ocrx_word' id='word_1_189' title='bbox 1563 2478 1652 2532; x_wconf 85' lang='grc' dir='ltr'><em>καὶ</em></span> <span class='ocrx_word' id='word_1_190' title='bbox 1691 2480 1917 2533; x_wconf 71' lang='grc' dir='ltr'><em>ἀδικώ-’</em></span> 
     </span>
     <span class='ocr_line' id='line_1_27' title="bbox 213 2568 1885 2637; baseline -0.004 -12"><span class='ocrx_word' id='word_1_191' title='bbox 213 2592 374 2626; x_wconf 90' lang='grc' dir='ltr'><em>τατον</em></span> <span class='ocrx_word' id='word_1_192' title='bbox 411 2571 631 2624; x_wconf 83' lang='grc' dir='ltr'><em>πάντων</em></span> <span class='ocrx_word' id='word_1_193' title='bbox 671 2569 1013 2637; x_wconf 81' lang='grc' dir='ltr'><em>ἀνθρώπων,</em></span> <span class='ocrx_word' id='word_1_194' title='bbox 1055 2569 1114 2631; x_wconf 84' lang='grc' dir='ltr'><em>ὅς</em></span> <span class='ocrx_word' id='word_1_195' title='bbox 1152 2587 1211 2636; x_wconf 74' lang='grc' dir='ltr'><em>γε</em></span> <span class='ocrx_word' id='word_1_196' title='bbox 1252 2569 1432 2637; x_wconf 84' lang='grc' dir='ltr'><em>τυχὼν</em></span> <span class='ocrx_word' id='word_1_197' title='bbox 1469 2568 1614 2635; x_wconf 82' lang='grc' dir='ltr'><em>παρὰ</em></span> <span class='ocrx_word' id='word_1_198' title='bbox 1653 2576 1750 2621; x_wconf 90' lang='grc' dir='ltr'><em>τοῦ</em></span> <span class='ocrx_word' id='word_1_199' title='bbox 1787 2585 1885 2620; x_wconf 85' lang='grc' dir='ltr'><em>πα-</em></span> 
     </span>
     <span class='ocr_line' id='line_1_28' title="bbox 213 2654 1885 2727; baseline -0.002 -14"><span class='ocrx_word' id='word_1_200' title='bbox 213 2661 473 2727; x_wconf 77' lang='grc' dir='ltr'><em>τρὸς-τοῦ</em></span> <span class='ocrx_word' id='word_1_201' title='bbox 513 2657 645 2726; x_wconf 84' lang='grc' dir='ltr'><em>ἐμοῦ</em></span> <span class='ocrx_word' id='word_1_202' title='bbox 686 2657 832 2710; x_wconf 84' lang='grc' dir='ltr'><em>ὅσων</em></span> <span class='ocrx_word' id='word_1_203' title='bbox 873 2656 1074 2725; x_wconf 82' lang='grc' dir='ltr'><em>ἐδεήθη</em></span> <span class='ocrx_word' id='word_1_204' title='bbox 1123 2654 1212 2708; x_wconf 86' lang='grc' dir='ltr'><em>καὶ</em></span> <span class='ocrx_word' id='word_1_205' title='bbox 1252 2656 1437 2724; x_wconf 80' lang='grc' dir='ltr'><em>λαβὼν</em></span> <span class='ocrx_word' id='word_1_206' title='bbox 1477 2654 1742 2724; x_wconf 77' lang='grc' dir='ltr'><em>ἀργύριον</em></span> <span class='ocrx_word' id='word_1_207' title='bbox 1781 2654 1885 2709; x_wconf 83' lang='grc' dir='ltr'><em>ἀπὸ</em></span> 
     </span>
     <span class='ocr_line' id='line_1_29' title="bbox 213 2743 1887 2816; baseline -0.002 -17"><span class='ocrx_word' id='word_1_208' title='bbox 213 2755 306 2815; x_wconf 82' lang='grc' dir='ltr'><em>τῆς</em></span> <span class='ocrx_word' id='word_1_209' title='bbox 342 2745 617 2816; x_wconf 80' lang='grc' dir='ltr'><em>τραπέζης,</em></span> <span class='ocrx_word' id='word_1_210' title='bbox 657 2745 717 2798; x_wconf 84' lang='grc' dir='ltr'><em>ἐν</em></span> <span class='ocrx_word' id='word_1_211' title='bbox 755 2750 928 2815; x_wconf 72' lang='grc' dir='ltr'><em>πολλῇ</em></span> <span class='ocrx_word' id='word_1_212' title='bbox 962 2744 1160 2815; x_wconf 76' lang='grc' dir='ltr'><em>ἀπορίᾳ</em></span> <span class='ocrx_word' id='word_1_213' title='bbox 1199 2743 1289 2796; x_wconf 83' lang='grc' dir='ltr'><em>καὶ</em></span> <span class='ocrx_word' id='word_1_214' title='bbox 1328 2744 1610 2805; x_wconf 68' lang='grc' dir='ltr'><em>κινδύνοις</em></span> <span class='ocrx_word' id='word_1_215' title='bbox 1648 2753 1760 2806; x_wconf 79' lang='grc' dir='ltr'><em>τοῖς</em></span> <span class='ocrx_word' id='word_1_216' title='bbox 1797 2763 1887 2812; x_wconf 84' lang='grc' dir='ltr'><em>με·</em></span> 
     </span>
     <span class='ocr_line' id='line_1_30' title="bbox 213 2831 1890 2903; baseline -0.002 -16"><span class='ocrx_word' id='word_1_217' title='bbox 213 2838 417 2903; x_wconf 75' lang='grc' dir='ltr'><em>γίστοις</em></span> <span class='ocrx_word' id='word_1_218' title='bbox 466 2835 813 2902; x_wconf 79' lang='grc' dir='ltr'><em>καθεστηκὼς</em></span> <span class='ocrx_word' id='word_1_219' title='bbox 865 2831 989 2901; x_wconf 86' lang='grc' dir='ltr'><em>περὶ</em></span> <span class='ocrx_word' id='word_1_220' title='bbox 1043 2841 1136 2901; x_wconf 73' lang='grc' dir='ltr'><em>τῆς</em></span> <span class='ocrx_word' id='word_1_221' title='bbox 1190 2839 1391 2901; x_wconf 82' lang='grc' dir='ltr'><em>ψυχῆς,</em></span> <span class='ocrx_word' id='word_1_222' title='bbox 1445 2831 1512 2884; x_wconf 89' lang='grc' dir='ltr'><em>οὐ</em></span> <span class='ocrx_word' id='word_1_223' title='bbox 1566 2834 1738 2900; x_wconf 89' lang='grc' dir='ltr'><em>μόνον</em></span> <span class='ocrx_word' id='word_1_224' title='bbox 1789 2831 1890 2884; x_wconf 83' lang='grc' dir='ltr'><em>οὐκ</em></span> 
     </span>
     <span class='ocr_line' id='line_1_31' title="bbox 213 2917 1891 2993; baseline -0.002 -18"><span class='ocrx_word' id='word_1_225' title='bbox 213 2921 456 2976; x_wconf 83' lang='grc' dir='ltr'><em>ἀπέδωκε</em></span> <span class='ocrx_word' id='word_1_226' title='bbox 489 2923 668 2993; x_wconf 76' lang='grc' dir='ltr'><em>χάριν,</em></span> <span class='ocrx_word' id='word_1_227' title='bbox 709 2921 843 2974; x_wconf 83' lang='grc' dir='ltr'><em>ἀλλὰ</em></span> <span class='ocrx_word' id='word_1_228' title='bbox 876 2919 960 2973; x_wconf 81' lang='grc' dir='ltr'><em>καὶ</em></span> <span class='ocrx_word' id='word_1_229' title='bbox 997 2922 1056 2974; x_wconf 93' lang='grc' dir='ltr'><em>τὸ</em></span> <span class='ocrx_word' id='word_1_230' title='bbox 1099 2917 1269 2974; x_wconf 74' lang='grc' dir='ltr'><em>δοθὲν</em></span> <span class='ocrx_word' id='word_1_231' title='bbox 1310 2919 1600 2989; x_wconf 78' lang='grc' dir='ltr'><em>ἀποστερεῖ</em></span> <span class='ocrx_word' id='word_1_232' title='bbox 1633 2938 1713 2988; x_wconf 92' lang='grc' dir='ltr'><em>με.</em></span> <span class='ocrx_word' id='word_1_233' title='bbox 1775 2923 1891 2972; x_wconf 83' lang='grc' dir='ltr'><em>καί-</em></span> 
     </span>
    </p>
   </div>
  </div>
 </body>
</html>
