2035 3158
170 147 280 197 210
723 143 837 184 LIV.
878 140 1339 183 ΔΗΜΟΣΘΕΝΟΤΣ

170 280 468 347 ἠδικῆσθαι
518 273 608 329 καὶ
656 279 1144 343 παρανενομῆσθαι
1195 273 1369 341 δοκῶ,
1431 274 1711 341 βοηθῆσαί
1755 291 1846 340 μοι

169 366 234 418 τὰ
275 366 471 418 δίκαια.
535 362 587 426 ἐξ
635 361 802 432 ἀρχῆς
842 358 890 413 δ’
937 361 1009 423 ὡς
1055 359 1250 412 ἕκαστα
1306 357 1606 429 πέπρακται
1660 360 1847 428 διηγή·

171 468 333 522 σομαι
372 452 507 521 πρὸς
544 450 702 519 ὑμᾶς,
742 449 814 511 ὡς
853 447 921 501 ἂν
962 440 1075 510 οἷός
1114 444 1160 500 τ’
1206 443 1247 499 ὦ
1289 446 1380 500 διὰ
1419 446 1788 516 βραχυτάτων.

278 538 562 607 Ἐξῆλθον,
602 540 719 599 ἔτος
764 534 916 590 τουτὶ
962 539 1174 605 τρίτον,
1221 536 1296 597 εἰς
1338 535 1632 588 Πάνακτον
1676 553 1849 603 φρου·

170 636 268 697 ρᾶς
313 627 443 696 ἡμῖν
490 628 913 696 προγραφείσης.
992 622 1310 692 ἐσκήνωσαν
1367 618 1468 675 οὗν
1516 622 1573 674 οἱ
1612 622 1751 683 υἱεῖς
1797 621 1855 674 οἱ

170 718 432 777 Κόνωνος
465 711 730 780 [τουτουὶ]
766 712 927 780 ἐγγὺς
963 711 1138 780 ἡμῶν,
1179 711 1251 773 ὡς
1282 709 1382 763 οὐκ
1414 708 1482 763 ἂν
1515 708 1848 778 ἐβουλόμην·

169 804 201 871 ἡ
241 804 345 873 γὰρ
386 801 438 866 ἐξ
487 800 653 870 ἀρχῆς
699 802 872 870 ἔχθρα
919 797 1007 852 καὶ
1055 800 1120 851 τὰ
1168 799 1590 868 προσκρούματα
1637 796 1851 850 ἐκεῖθεν

169 890 300 959 ἡμῖν
348 887 577 958 συνέβη,
625 886 678 952 ἐξ
727 883 804 939 ὧν
853 884 928 954 δ’,
976 885 1298 938 ἀκούσεσθε.
1360 887 1552 938 ἔπινον
1592 882 1847 937 ἑκάστοθ’

172 974 324 1032 οὗτοι
363 978 464 1045 τὴν
511 974 746 1045 ἡμέραν,
795 974 978 1042 ἐπειδὴ
1027 971 1229 1043 τάχιστ’
1277 972 1651 1041 ἀριστήσειαν,
1697 971 1851 1039 ὅλην,

171 1063 260 1119 καὶ
307 1062 491 1132 τοῦθ’,
545 1063 644 1126 ἕως
695 1082 795 1130 περ
851 1059 986 1130 ἦμεν
1041 1060 1101 1114 ἐν
1155 1068 1217 1130 τῇ
1272 1068 1517 1131 φρουρᾷ,
1571 1057 1850 1112 διετέλουν

171 1162 471 1215 ποιοῦντες.
543 1152 708 1221 ἡμεῖς,
747 1149 795 1204 δ’
856 1151 1035 1219 ὥσπερ
1089 1146 1280 1202 ἐνθάδ’
1339 1149 1656 1215 εἰώθειμεν,
1707 1146 1851 1200 οὕτω

173 1243 435 1310 διήγομεν
473 1238 562 1293 καὶ
603 1238 718 1303 ἔξω.
780 1238 850 1306 ἣν
882 1234 985 1291 οὗν
1018 1239 1491 1290 δειπνοποιεῖσθαι
1522 1244 1636 1296 τοῖς
1666 1235 1853 1296 ἄλλοις

174 1330 321 1399 ὥραν
362 1331 683 1397 συμβαίνοι,
729 1327 932 1395 ταύτην
980 1323 1048 1378 ἂν
1095 1326 1199 1392 ἤδη
1239 1320 1536 1395 παρῴνουν
1575 1318 1748 1389 οὗτοι,
1786 1321 1852 1373 τὰ

173 1412 274 1484 μὲν
327 1412 484 1468 πόλλ’
536 1416 612 1477 εἰς
664 1415 791 1475 τοὺς
843 1413 1040 1473 παῖδας
1101 1410 1255 1479 ἡμῶν
1309 1412 1436 1472 τοὺς
1488 1408 1853 1476 ἀκολούθους,

172 1508 527 1564 τελευτῶντες
577 1497 638 1555 δὲ
688 1498 778 1553 καὶ
828 1502 906 1562 εἰς
953 1499 1093 1567 ἡμᾶς
1143 1499 1356 1561 αὐτούς.
1430 1500 1701 1567 φήσαντες
1748 1496 1850 1565 γὰρ

173 1594 450 1656 καπνίζειν
483 1589 682 1651 αὐτοὺς
713 1585 1185 1655 ὀψοποιουμένους
1216 1589 1344 1649 τοὺς
1374 1588 1569 1648 παῖδας
1606 1583 1639 1653 ἢ
1677 1593 1854 1645 κακῶς

174 1678 372 1748 λέγειν,
413 1677 442 1730 ὅ
481 1697 533 1730 τι
570 1678 805 1746 τύχοιεν,
848 1678 1078 1728 ἔτυπτον
1113 1672 1203 1727 καὶ
1241 1675 1334 1735 τὰς
1375 1672 1569 1742 ἀμίδας
1605 1686 1853 1725 κατεσκε-

176 1767 458 1820 δάννυσαν
497 1762 587 1817 καὶ
626 1764 1033 1833 προσεούρουν,
1071 1759 1160 1814 καὶ
1201 1760 1480 1829 ἀσελγείας
1517 1758 1606 1813 καὶ
1645 1759 1857 1829 ὕβρεως
1913 1816 1917 1820 .

175 1851 296 1908 οὐδ’
343 1853 529 1908 ὁτιοῦν
581 1851 888 1904 ἀπέλειπον.
963 1850 1194 1919 ὁρῶντες
1245 1845 1296 1901 δ’
1345 1848 1499 1916 ἡμεῖς
1547 1857 1714 1902 ταῦτα
1763 1845 1854 1900 καὶ

175 1943 528 2011 λυπούμενοι,
559 1942 618 1994 τὸ
653 1936 753 2008 μὲν
783 1948 1002 2008 πρῶτον
1035 1937 1411 2005 ἐμεμψάμεθα,
1444 1936 1515 1997 ὡς
1547 1933 1595 1988 δ’
1637 1934 1854 2004 ἐχλεύα-

179 2036 268 2096 ζον
306 2030 444 2099 ἡμᾶς
483 2026 574 2081 καὶ
613 2027 714 2081 οὐκ
756 2026 1049 2092 ἐπαύοντο,
1096 2032 1168 2096 τῷ
1219 2030 1498 2095 στρατηγῷ
1546 2024 1606 2076 τὸ
1645 2019 1846 2091 πρᾶγμ’

176 2125 398 2188 εἴπομεν
448 2123 604 2185 κοινῇ
651 2114 848 2175 πάντες
895 2113 953 2166 οἱ
995 2113 1243 2165 σύσσιτοι
1289 2113 1716 2180 προσελθόντες,
1754 2109 1856 2163 οὐκ

178 2207 283 2276 ἐγὼ
323 2215 432 2258 τῶν
472 2204 655 2256 ἄλλων
696 2201 814 2265 ἔξω.
878 2198 1304 2268 λοιδορηθέντος
1337 2195 1387 2251 δ’
1425 2198 1608 2260 αὐτοῖς
1639 2196 1854 2251 ἐκείνου

177 2293 266 2347 καὶ
315 2295 638 2353 κακίσαντος
688 2290 915 2357 αὐτούς,
966 2287 1033 2341 οὐ
1083 2290 1257 2355 μόνον
1306 2285 1431 2355 περὶ
1479 2281 1556 2338 ὧν
1602 2288 1679 2348 εἰς
1715 2285 1854 2354 ἡμᾶς

177 2381 531 2451 ἠσέλγαινον,
583 2378 719 2431 ἀλλὰ
768 2375 859 2430 καὶ
909 2374 1033 2444 περὶ
1085 2370 1162 2427 ὧν
1219 2374 1357 2436 ὅλως
1404 2373 1627 2427 ἐποίουν
1674 2372 1734 2426 ἐν
1778 2378 1851 2444 τῷ

179 2466 550 2540 στρατοπέδῳ,
598 2467 862 2519 τοσούτου
910 2462 1140 2531 ἐδέησαν
1189 2463 1507 2514 παύσασθαι
1554 2460 1586 2530 ἢ
1634 2462 1852 2530 αἰσχυν-

177 2564 374 2626 θῆναι,
421 2552 573 2623 ὥστ’,
621 2553 805 2621 ἐπειδὴ
853 2557 1058 2604 θᾶττον
1108 2552 1534 2616 συνεσκότασεν,
1573 2547 1744 2610 εὐθὺς
1782 2547 1854 2608 ὡς

178 2646 316 2714 ἡμᾶς
353 2644 717 2711 εἰσεπήδησαν
755 2642 921 2710 ταύτῃ
961 2647 1023 2708 τῇ
1074 2636 1296 2707 ἑσπέρᾳ,
1342 2635 1432 2689 καὶ
1470 2637 1530 2689 τὸ
1571 2632 1671 2704 μὲν
1709 2643 1985 2705 πρῶ-1258

178 2753 275 2786 τον
327 2741 501 2793 κακῶς
556 2733 772 2798 ἔλεγον,
826 2730 1006 2780 ἔπειτα
1062 2722 1121 2779 δὲ
1176 2723 1266 2777 καὶ
1319 2723 1527 2792 πληγὰς
1581 2720 1854 2776 ἐνέτειναν

180 2820 329 2889 ἐμοί,
379 2817 468 2872 καὶ
518 2818 788 2884 τοσαύτην
839 2815 1085 2885 κραυγὴν
1144 2811 1234 2866 καὶ
1284 2814 1534 2881 θόρυβον
1583 2807 1707 2880 περὶ
1755 2810 1855 2878 τὴν

179 2908 387 2976 σκηνὴν
444 2905 732 2975 ἐποίησαν,
781 2905 915 2956 ὥστε
962 2899 1052 2955 καὶ
1099 2902 1195 2954 τὸν
1243 2900 1546 2968 στρατηγὸν
1592 2895 1682 2951 καὶ
1727 2899 1856 2955 τοὺς
