2035 3158
123 293 165 326 ἰἿ

119 818 168 849 Ἴὸ

127 1430 172 1462 *19

189 148 266 203 90
707 147 840 197 XLV.
873 145 1206 189 ΔΗΜΟΣΘΕΝ
1213 145 1334 187 ΟΤΣ

191 278 491 344 ἐπιδείξων.
554 279 659 348 ἐγὼ
692 277 747 332 δ’
784 274 827 331 ὦ
866 279 1064 347 ἄνδρες
1096 275 1381 346 Ἀθηναῖοι
1420 283 1512 343 τῆς
1548 271 1650 345 μὲν
1689 275 1866 337 ὄψεως
1927 256 1929 258 .
1971 243 1979 256 z

190 375 252 437 τῇ
292 367 454 435 φύσει
494 365 583 420 καὶ
622 372 696 438 τῷ
737 364 937 435 ταχέως
973 366 1214 434 βαδίζειν
1252 362 1341 417 καὶ
1382 367 1566 416 λαλεῖν
1605 360 1760 431 μέγα,
1798 360 1865 414 οὐ
1905 413 1908 416 ,
1944 419 1949 422 ,

192 463 300 507 τῶν
345 453 583 523 εὐτυχῶς
627 444 950 523 πεφυκότων
989 450 1224 520 ἐμαυτὸν
1271 455 1463 519 κρίνω·
1512 447 1598 518 ἐφ’
1641 442 1724 512 οἷς
1763 448 1864 517 γὰρ

192 538 357 595 οὐδὲν
404 541 786 610 ὠφελούμενος
832 544 984 593 λυπῶ
1031 559 1206 607 τινας,
1254 542 1476 592 ἔλαττον
1526 541 1629 607 ἔχω
1667 539 1866 590 πολλα-

191 636 313 698 χοῦ·
355 636 426 700 τῷ
476 627 659 696 μέντοι
707 627 923 694 μέτριος
968 627 1101 680 κατὰ
1147 627 1321 689 πάσας
1365 627 1459 688 τὰς
1504 627 1581 688 εἰς
1632 623 1867 692 ἐμαυτὸν

193 717 436 778 δαπάνας
476 712 641 781 εἶναι,
693 717 833 768 πολὺ
873 715 1071 767 τούτου
1110 712 1199 766 καὶ
1238 715 1503 767 τοιούτων
1544 711 1742 777 ἑτέρων
1781 710 1931 764 εὐψιι
1997 728 2002 739 2

191 806 513 870 τακτότερον
555 804 656 866 ζῶν
697 801 764 854 ἂν
803 804 1050 871 φανείην.
1128 801 1192 854 τὰ
1232 799 1283 853 δ’
1327 803 1403 863 εἰς
1441 801 1540 868 τὴν
1579 802 1741 852 πόλιν
1779 797 1863 851 καὶ

194 888 277 943 ὅσ’
321 892 398 952 είς
437 891 601 958 ὑμᾶς,
642 889 714 952 ὡς
754 890 992 958 δύναμαι
1033 887 1399 957 λαμπρόταθ’,
1437 888 1510 951 ὡς
1548 887 1702 956 ὑμεῖς
1740 886 1870 939 σύν-

194 992 335 1044 ιστε,
385 987 570 1030 ποιεῖν,
605 977 671 1031 οὐ
718 978 819 1046 γὰρ
867 976 1049 1044 ἀγνοῶ
1098 974 1257 1030 τοῦθ’
1301 977 1383 1029 ὅτι
1429 984 1542 1038 τοῖς
1586 971 1687 1044 μὲν
1725 972 1869 1042 γένει

194 1067 437 1127 πολίταις
482 1066 614 1134 ὑμῖν
667 1065 857 1117 ἱκανόν
909 1063 1066 1130 [ἐστι]
1117 1068 1438 1134 λῃτουργεῖν
1486 1063 1558 1125 ὡς
1608 1063 1664 1116 οἷ
1709 1063 1870 1130 νόμοι

193 1153 606 1219 προστάττουσι,
646 1154 785 1214 τοὺς
811 1148 870 1204 δε
908 1154 1166 1220 ποιητοὺς
1203 1151 1360 1220 ἡμᾶς,
1398 1151 1470 1212 ὡς
1509 1150 1873 1210 ἀποδιδόντας

195 1241 380 1310 χάριν,
428 1240 569 1294 οὕτω
616 1242 875 1308 προσηκει
922 1243 1220 1308 φαίνεσθαι
1270 1243 1722 1308 λῃτουργοῦντας.
1798 1237 1870 1305 μὴ

196 1323 297 1380 οὗν
328 1347 420 1395 μοι
460 1325 609 1381 ταῦτ’
646 1328 894 1394 ὀνείδιζε,
934 1324 1019 1396 ἐφ’
1057 1320 1138 1389 οἷς
1170 1326 1396 1380 ε’παινου
1428 1324 1641 1395 τύχοιμ’
1683 1324 1752 1378 ἀν
1792 1325 1872 1377 δι-

195 1418 374 1478 καίως.
445 1415 581 1468 ἀλλὰ
627 1412 732 1468 τίν’
776 1411 818 1467 ὠ
868 1418 1131 1482 Φορμιων
1179 1423 1288 1467 τῶν
1335 1418 1574 1468 πολιτῶν
1621 1411 1873 1482 ἑταιρεῖν,

197 1503 377 1571 ὥσπερ
419 1490 528 1570 σὺ,”’
560 1505 934 1572 μεμίσθωμαι;
984 1501 1180 1564 δεῖξον.
1245 1505 1364 1553 τίνα
1403 1508 1497 1568 τῆς
1533 1503 1767 1567 πόλεως,
1812 1495 1875 1567 ἧς

196 1590 359 1652 αὐτὸς
389 1589 655 1658 ἠξιώθην,
688 1587 777 1642 καὶ
810 1597 902 1657 τῆς
928 1588 987 1641 ἐν
1019 1587 1153 1657 αὐτῇ
1186 1592 1491 1657 παρρησίας
1521 1586 1875 1656 ἀπεστέρηκα,

198 1679 379 1745 ὥσπερ
428 1679 495 1730 σὺ
543 1685 739 1730 τοῦτον
787 1675 852 1728 ὃν
899 1667 1262 1744 κατῄσχυναςς
1309 1677 1457 1738 τίνος
1494 1684 1727 1743 γυναῖκα
1767 1673 1876 1728 διέ-

196 1769 442 1834 φθαρκα,
483 1764 661 1829 ὥσπερ
703 1766 770 1816 σὺ
811 1764 945 1829 πρὸς
983 1766 1208 1825 πολλαῖς
1247 1763 1452 1825 ἄλλαις,
1475 1763 1704 1831 ταύτην,
1741 1757 1776 1833 ᾖ
1813 1764 1874 1816 τὸ

197 1850 364 1922 μνῆμ’
415 1848 723 1923 ᾧκοδόμησ’
768 1850 795 1903 ὁ
846 1854 999 1912 θεοῖς
1048 1849 1247 1919 ἐχθρὸς
1293 1845 1452 1912 οὗτος
1500 1853 1732 1919 πλησίον
1778 1858 1877 1904 τοῦ

199 1948 292 2007 τῆς
338 1941 655 2007 δεσποίνης,
704 1937 998 2006 ἀνηλωκὼς
1043 1936 1209 1990 πλέον
1257 1937 1289 2006 ἢ
1337 1937 1572 1990 τάλαντα
1612 1938 1739 2001 δύο;
1787 1937 1875 1991 καὶ

201 2029 301 2082 οὐκ
338 2025 643 2098 ᾐσθάνετο,
684 2026 766 2078 ὅτι
806 2023 930 2094 οὐχὶ
968 2033 1066 2078 τοῦ
1107 2026 1281 2093 τάφου
1321 2011 1588 2093 μνημεῖον
1629 2027 1776 2078 ἔσται
1815 2027 1876 2078 τὸ

201 2116 539 2183 οἰκοδόμημα
601 2120 851 2166 τοιοῦτον
907 2114 1005 2179 ὅν,
1066 2111 1203 2164 ἀλλὰ
1256 2119 1349 2178 τῆς
1403 2111 1614 2175 ἀδικίας
1666 2108 1730 2180 ἧς
1781 2114 1878 2166 τὸν

202 2200 359 2273 ἄνδρ’
395 2203 652 2271 ἠδίκηκεν
684 2200 861 2268 ἐκείνη
897 2200 987 2252 διὰ
1019 2208 1230 2253 τοῦτον.
1300 2196 1414 2252 εἶτα
1444 2208 1667 2254 τοιαῦτα
1704 2210 1878 2254 ποιῶν

202 2290 291 2343 καὶ
329 2289 650 2359 τηλικαύτας
689 2290 988 2357 μαρτυρίας
1035 2287 1364 2356 ἐξενηνοχὼς
1409 2295 1502 2355 τῆς
1540 2288 1750 2355 ὕβρεως
1786 2296 1878 2356 τῆς

204 2386 436 2431 σεαυτοῦ
469 2377 555 2444 σύ,
589 2377 886 2429 τὸν-ἄλλου
918 2395 1016 2429 του
1041 2379 1165 2443 βίον
1199 2374 1461 2439 ἐξετάζειν
1492 2379 1716 2444 τολμᾷς;
1747 2373 1874 2444 μεθ’

203 2464 409 2535 ἡμέραν
449 2461 498 2516 εἷ
535 2466 602 2517 σὺ
644 2465 908 2532 σώφρων,
955 2464 1054 2530 τὴν
1096 2460 1155 2515 δὲ
1196 2460 1347 2515 νύκτ’
1392 2459 1476 2531 ἐφ’
1523 2455 1603 2525 οἷς
1640 2463 1881 2526 θάνατος

204 2553 283 2621 [ἡ]
327 2555 508 2621 ζημία,
549 2560 714 2605 ταῦτα
761 2560 947 2613 ποιεῖς.
1009 2553 1248 2619 πονηρὸς
1288 2546 1328 2602 ὦ
1369 2551 1565 2618 ἄνδρες
1600 2548 1877 2619 Ἀθηναῖοι

203 2642 443 2710 πονηρὸς
481 2637 640 2703 οὗτος
686 2639 907 2691 ἄνωθεν
958 2637 1016 2691 ἐκ
1055 2646 1152 2692 τοῦ
1192 2637 1449 2690 ἀνακείου
1489 2638 1725 2701 κᾶδικος.
1787 2652 1880 2708 ση-

203 2737 359 2796 μεῖον
401 2726 482 2780 δέ·
524 2729 574 2780 εἰ
610 2727 714 2796 γὰρ
753 2721 825 2795 ἦν
865 2727 1100 2794 δίκαιος,
1138 2723 1302 2794 πένης
1333 2724 1402 2778 ἂν
1439 2721 1510 2794 ἦν
1547 2726 1612 2778 τὰ
1658 2733 1757 2780 τοῦ
1794 2727 1882 2780 δε-

203 2819 411 2869 σπότου
444 2816 736 2883 διοικήσας.
798 2821 903 2866 νῦν
937 2809 996 2865 δὲ
1028 2813 1306 2866 τοσούτων
1337 2812 1627 2882 χρημάτων
1658 2815 1718 2867 τὸ
1749 2817 1882 2881 πλῆ-

204 2908 308 2965 θος
345 2903 532 2968 κύριος
565 2901 844 2968 καταστάς,
883 2901 1019 2954 ὥστε
1059 2907 1292 2953 τοσαῦτα
1335 2903 1528 2953 λαθεῖν
1567 2898 1658 2952 ἀπ’
1701 2900 1882 2954 αὐτῶν
