2035 3158
424 153 584 195 ΚΑΤΑ
614 152 826 194 Ε’ῙἘΡΓ.
857 153 962 193 ΚΑΙ
992 153 1247 195 ΜΝΗΣΙΒ.
1281 151 1464 194 ΨΕΤΔ.
1683 151 1784 203 10'1

103 303 240 355 πον,
293 283 385 339 καὶ
440 280 533 355 ἐμὲ
586 286 658 354 μὴ
712 282 903 337 θέλειν
957 287 1310 354 παραλαβεῖν.
1397 294 1511 347 πῶς
1564 280 1668 339 οὖν
1722 287 1792 337 σὺ

85 374 293 443 ’κύριος
319 369 443 443 μὲν
494 373 572 426 ὢν
623 381 717 442 τῆς
766 371 1102 441 ἀνθρώπου,
1152 371 1366 441 μέλλων
1406 369 1467 425 δὲ
1504 377 1793 441 προκαλεῖ-

40 505 43 508 .
104 466 239 515 σθαι
291 461 497 531 ταύτην
547 461 651 529 τὴν
703 463 1007 530 πρόκλησιν
1061 459 1132 528 ἣν
1187 462 1636 529 μεμαρτυρήκασί
1685 475 1794 527 σοι,

77 550 464 619 ,καταφεύγων
511 545 573 601 δὲ
619 550 698 610 εἰς
743 549 844 617 τὴν
892 549 1195 616 ἄνθρωπον
1242 546 1368 617 περὶ
1415 556 1514 601 τοῦ
1555 549 1793 616 δικαίου,

38 650 79 686 15
101 637 274 692 ἄλλου
313 635 382 691 δέ
414 650 503 691 σοι
535 635 964 712 οὐδενὸς-,ὄντος
995 636 1270 706 μάρτυρος
1310 636 1381 698 ὡς
1421 635 1657 705 ἐπλήγης
1693 633 1786 689 ὑπ’

101 725 238 796 ἐμοῦ
291 726 555 796 ἄρχοντος
606 733 806 794 χειρῶν
861 723 1095 792 ἀδίκων,
1157 723 1256 793 οὐχ
1320 718 1443 792 ἧκες
1499 726 1639 794 ἔχων
1692 724 1794 792 τὴν

99 815 411 881 ἄνθρωπον
436 814 572 882 πρὸς
602 814 700 866 τὸν
741 814 1024 882 διαιτητὴν
1056 811 1145 865 καὶ
1177 814 1511 881 παρεδίδους
1543 814 1604 867 τὸ
1639 823 1792 882 σῶμα

98 902 380 971 παρούσης
424 910 519 971 τῆς
564 900 895 971 ἀνθρώπου,
948 902 1137 970 κύριός
1183 921 1244 969 γε
1293 901 1371 954 ὢν
1418 901 1607 970 αὐτῆς;
1656 900 1793 954 ἀλλὰ

98 990 201 1058 τὴν
231 986 334 1059 μὲν
364 993 683 1060 πρόκλησιν,
704 988 813 1059 φῂς
843 988 1310 1058 προκαλέσασθαι,
1349 989 1450 1058 τὴν
1483 987 1532 1043 δ’
1574 991 1793 1060 ἄνθρω-

98 1096 206 1132 πον
240 1076 424 1141 οὐδεὶς
458 1074 590 1146 εἶδε,
626 1075 698 1130 δι’
734 1073 798 1145 ἧς
834 1076 1168 1146 ἐξηπάτησας
1201 1080 1330 1140 τοὺς
1359 1078 1634 1146 δικαστάς,
1660 1087 1793 1141 ψευ-

99 1166 213 1239 δεῖς
250 1166 527 1237 μάρτυρας
567 1167 980 1235 παρασχόμενος
1021 1166 1093 1228 ὡς
1134 1163 1346 1218 ἐθέλων
1384 1166 1746 1234 παραδοῦναι.

34 1269 77 1302 1⁶
187 1252 424 1328 ⁴’E2tst623
476 1258 671 1309 τοίνυν
722 1268 811 1307 σοι
870 1256 990 1307 τότε
1042 1253 1109 1307 οὐ
1160 1262 1342 1324 παρῆν
1391 1253 1424 1322 ἡ
1476 1255 1792 1324 ἄνθρωπος,

99 1342 240 1396 ἀλλὰ
278 1345 550 1413 πρότερον
590 1342 988 1411 ἐσημάνθησαν
1028 1342 1086 1396 οἱ
1122 1341 1322 1411 ἐχῖνοι,
1369 1342 1604 1412 ὕστερον
1644 1345 1792 1395 ἔστιν

96 1418 241 1485 Υὅπου
277 1431 478 1498 ἤγαγες
523 1431 625 1499 τὴν
671 1431 976 1499 ἄνθρωπον
1023 1431 1100 1493 εἰς
1146 1431 1247 1499 τὴν
1294 1430 1503 1499 ἀγορὰν
1543 1430 1576 1499 ἢ
1616 1432 1693 1493 εἰς
1730 1433 1792 1484 τὸ

101 1520 480 1588 δικαστήριον;
520 1519 572 1571 εί
607 1518 712 1587 γὰρ
753 1519 826 1587 μὴ
867 1520 986 1571 τότε
1028 1532 1116 1571 σοι
1156 1516 1515 1588 παρεγένετο,
1559 1518 1793 1589 ὕστερον

102 1609 281 1677 δήπου
330 1607 442 1660 ἔδει
488 1607 885 1676 παραδιδόναι,
930 1604 1021 1659 καὶ
1067 1606 1344 1676 μάρτυρας
1390 1612 1674 1660 ποιεῖσθαι
1722 1608 1794 1670 ὡς

101 1693 312 1758 ἐθέλεις
351 1694 411 1748 ἐν
450 1702 513 1764 τῇ
555 1693 835 1767 ἀνθρώπῳ
868 1696 965 1748 τὸν
1005 1696 1230 1764 ἔλεγχον
1269 1698 1582 1764 γίγνεσθαι,
1621 1696 1793 1749 καθά-

99 1801 201 1852 περ
239 1781 616 1853 προύκαλέσω,
655 1783 1006 1852 προκλήσεώς
1036 1801 1093 1835 τε
1129 1781 1536 1853 ἐμβεβλημένης
1575 1798 1663 1838 σοι
1702 1783 1788 1838 καὶ
1812 1803 1922 1842 1144

22 1858 31 1865 ⁵
101 1874 401 1942 μαρτυρίας
433 1871 506 1934 ὡς
535 1872 733 1939 ἤθελες
763 1872 1132 1940 παραδιδόναι
1164 1857 1265 1940 τὴν
1297 1873 1615 1941 ἄνθρωπον.
1670 1871 1793 1941 μέλ-

102 1964 216 2014 λων
252 1962 446 2013 τοίνυν
485 1956 714 2012 εἰσιέναι
746 1959 845 2027 τὴν
879 1960 1040 2027 δίκην
1072 1960 1222 2012 ἔστιν
1255 1959 1396 2012 ὅπου
1434 1961 1535 2029 τὴν
1574 1962 1793 2030 ἄνθρω-

39 2063 79 2097 1⁶1
102 2066 210 2102 πον
240 2049 527 2117 εἰσήγαγες
556 2048 693 2116 πρὸς
723 2048 784 2101 τὸ
820 2048 1197 2118 δικαστήριον;
1241 2051 1417 2101 καίτοι
1464 2050 1574 2102 ἔδει
1606 2048 1795 2115 αὐτόν,

26 2196 31 2201 ,
104 2141 255 2206 εἴπερ
295 2134 476 2204 ἀληθῆ
516 2131 587 2204 ἦν
627 2135 661 2187 ἅ
699 2149 871 2204 φασιν
904 2135 1073 2188 αὐτὸν
1104 2140 1524 2205 προκαλεῖσθαι,
1562 2141 1793 2207 κληρου-

105 2222 288 2294 μένων
347 2232 458 2276 τῶν
520 2224 889 2292 δικαστηρίων
950 2227 1252 2292 κομίσαντα
1312 2225 1413 2293 τὴν
1475 2225 1810 2295 ἄνθρωπον,

106 2313 346 2380 λαβόντα
385 2312 483 2365 τὸν
522 2313 760 2380 κήρυκα,
799 2312 1045 2364 κελεύειν
1087 2308 1199 2380 ἐμὲ,
1238 2313 1290 2365 εί
1326 2315 1660 2383 βουλοίμην,
1698 2316 1795 2383 βα-

106 2400 373 2468 σανίζειν,
420 2396 512 2451 καὶ
557 2398 836 2468 μάρτυρας
882 2402 1010 2462 τοὺς
1059 2400 1313 2463 δικαστὰς
1361 2402 1630 2464 εἰσιόντας
1676 2420 1797 2456 ποι-

66 2492 294 2541 »εῖσθαι
350 2487 423 2550 ὡς
478 2486 691 2555 ἕτοιμός
746 2486 858 2540 ἐστι
912 2489 1274 2557 παραδοῦναι.
1350 2487 1479 2542 νυνὶ
1533 2486 1594 2542 δὲ
1649 2493 1794 2563 λόγῳ

109 2575 463 2643 ἐξαπατήσας,
499 2576 724 2640 ψευδεῖς
761 2579 1062 2645 μαρτυρίας
1100 2579 1540 2646 παρασχόμενος,
1578 2576 1794 2631 οὐδέπω

107 2661 200 2717 καὶ
244 2670 350 2716 νῦν
394 2666 569 2734 τολμᾷ
616 2664 716 2732 τὴν
763 2664 1065 2733 ἄνθρωπον
1111 2666 1484 2733 παραδοῦναι,
1536 2666 1797 2729 πολλάκις

109 2749 245 2820 ἐμοῦ
282 2750 765 2821 προκαλεσαμένου
805 2750 894 2804 καὶ
936 2751 1341 2822 ἐξαιτήσαντος,
1389 2753 1463 2816 ὡς
1501 2755 1561 2807 οἰ
1594 2755 1797 2826 μάρτυ-

110 2857 202 2909 ρες
247 2838 380 2908 ὑμῖν
427 2839 486 2894 οἰ
526 2842 963 2908 παραγενόμενοι
1010 2843 1504 2910 μεμαρτυρήκασιν.
1572 2846 1670 2896 καί
1701 2863 1796 2912 μοι

110 2925 397 2996 ἀνάγνωθι
434 2927 600 2981 πάλιν
638 2929 732 2991 τὰς
771 2931 1083 2998 μαρτυρίας.
