2035 3158
79 1415 120 1447 24

79 2565 124 2594 ⁴23

143 124 175 169 8
662 123 779 165 XLI.
823 121 1288 172 ΔΒΜΟΣΘΕΝΟΤΣ

147 275 244 308 νον
302 255 330 308 ὁ
372 255 722 316 Πολύευκτος
771 249 1143 323 ἀποθνῄσκων
1189 255 1387 317 ταύτας
1438 254 1829 325 ἐνεκεκλήκειν,

146 341 346 410 ἐνῆσαν
399 340 447 394 δ’
511 342 571 394 αἱ
612 345 779 410 χίλιαι
826 340 915 393 καὶ
969 341 1296 394 ὀκτακόσιαι.
1373 350 1541 396 ταῦτα
1597 339 1650 404 δ’
1697 343 1829 407 ἀνα-

145 430 328 497 γνούς,
368 432 419 485 εἰ
455 426 555 497 μὲν
595 428 739 500 αὐτῷ
773 426 946 496 μηδὲν
985 436 1224 497 προσῆκε
1252 426 1379 498 μηδ’
1417 429 1599 498 ἀληθῆ
1639 431 1703 483 τὰ
1742 450 1828 499 γε-

146 515 407 585 γραμμέν’
454 514 523 584 ἦν
539 557 552 584 ,
607 519 663 568 τί
711 517 776 584 δη
833 513 951 569 ποτ’
999 517 1099 569 οὐκ
1150 517 1321 579 εὐθὺς
1367 518 1657 586 ἠγανάκτει
1704 517 1830 586 περὶ

146 605 351 665 αὐτῶνς
386 608 441 657 τί
471 602 530 656 δὲ
558 608 984 672 συνεσημαίνετο
1018 605 1182 657 πάλιν
1215 605 1279 657 τὰ
1312 603 1484 673 μηδὲν
1515 602 1666 673 ὑγιες
1697 607 1829 659 ὄντα

145 690 270 760 μηδ’
318 692 498 761 ἀληθῆ
541 693 849 760 γράμματα;
899 691 1050 745 τουτὶ
1091 694 1194 760 γὰρ
1245 690 1365 746 οὐδ’
1413 692 1480 746 ἂν
1520 687 1597 756 εἷς
1636 696 1815 762 δήπου
1847 712 1960 751 1035

102 799 120 826 :f-
146 783 218 848 μὴ
249 789 416 834 πᾶσιν
450 782 736 849 ὁμολογῶν
768 791 881 843 τοῖς
915 779 1307 849 γεγραμμένοις
1337 784 1630 849 ποιήσειεν.
1692 781 1830 835 ἀλλὰ

145 870 254 937 μὴν
287 866 327 921 ὦ
362 870 558 937 ἄνδρες
591 867 840 920 δικασταὶ
874 871 1031 921 τοῦτό
1066 889 1125 936 γε
1161 871 1346 922 δεινὸν
1381 871 1576 937 δήπου,
1617 872 1668 928 εἰ
1696 873 1832 937 πρὸς

131 958 210 1020 ,τὰ
250 955 685 1027 συγκεχωρημέν’
734 954 824 1008 ὑπ’
874 956 1054 1009 αὐτῶν
1095 958 1304 1009 τούτων
1346 957 1552 1021 ἐξέσται
1590 966 1698 1011 νῦν
1736 957 1830 1011 ἀν-

145 1044 409 1112 τιλέγειν,
449 1043 537 1097 καὶ
579 1042 750 1113 μηδὲν
792 1056 1017 1114 σημεῖον
1058 1046 1188 1113 ὑμῖν
1230 1049 1405 1114 ἔσται,
1454 1048 1596 1103 διότι
1634 1046 1833 1109 πάντες

147 1134 433 1201 ἄνθρωποι
465 1135 600 1200 πρὸς
631 1134 695 1185 τὰ
729 1131 849 1201 μήτ’
890 1133 1069 1202 ἀληθῆ
1104 1137 1234 1202 μήτε
1268 1137 1451 1187 δίκαια
1492 1144 1600 1187 τῶν
1641 1134 1829 1204 ἐγκλη·

146 1222 344 1290 μάτων
382 1222 448 1274 οὐ
499 1229 877 1288 κατασιωπᾶν,
924 1221 1065 1294 ,ἀλλὰ
1113 1220 1419 1291 παραχρῆμ’
1467 1221 1830 1292 ἀμφισβητεῖν

147 1312 447 1378 εἰώθαμεν,
499 1312 570 1378 μὴ
623 1313 947 1377 ποιήσαντες
988 1307 1047 1362 δὲ
1074 1307 1261 1378 ταῦτ’,
1302 1309 1371 1362 ἂν
1410 1310 1642 1379 ὕστερον
1682 1310 1829 1364 ἀντι-

148 1400 362 1466 δικῶσι,
392 1397 625 1466 πονηροὶ
658 1397 751 1457 καὶ,
780 1399 1119 1467 συκοφάνται
1154 1400 1417 1452 δοκοῦσιν
1450 1395 1605 1451 εἶναι.
1662 1407 1829 1452 ταῦτα
1886 1439 1894 1442 -

146 1490 337 1546 τοίνυν
384 1487 667 1548 Σπουδίας
715 1484 881 1539 οὐδὲν
929 1482 1091 1554 ἧττον
1133 1487 1266 1555 ἐμοῦ
1308 1476 1655 1554 γιγνώσκων,
1703 1486 1823 1540 ἀλλ’

147 1572 296 1644 οἶμαι
344 1572 443 1644 μὲν
492 1573 580 1626 καὶ
623 1574 1036 1643 ἀκριβέστερον,
1084 1575 1194 1647 ὅσω
1236 1574 1323 1627 καὶ
1363 1577 1703 1642 πυκνότερον
1745 1575 1831 1628 ἐν-

146 1670 349 1717 ταυθοῖ
395 1663 746 1732 παρέρχεται,
797 1671 961 1715 πᾶσιν
1012 1663 1232 1715 ἐναντία
1283 1674 1396 1725 τοῖς
1433 1662 1832 1732 πεπραγμένοις

148 1751 319 1824 ἑαυτῷ
375 1751 548 1820 λέγων
603 1752 703 1804 οὐκ
751 1753 1079 1821 αἰσχύνεται.
1144 1755 1319 1804 καίτοι
1367 1752 1626 1814 πολλάκις
1675 1752 1831 1820 ὑμεῖς

146 1842 217 1894 ἓν·
247 1843 421 1909 μόνον
462 1842 787 1908 σκευώρημα
821 1841 1158 1907 συνιδόντες,
1198 1841 1373 1911 τούτω
1415 1841 1549 1892 κατὰ
1588 1850 1697 1893 τῶν
1737 1832 1830 1893 ἅλ-

148 1932 260 1981 λων
317 1938 424 1981 τῶν
477 1927 896 1996 ἐγκαλουμένων
952 1928 1258 1997 ἐχρήσασθε
1310 1932 1602 2000 τεκμηρίῳ·
1655 1930 1830 2001 τούτῳ

147 2014 197 2069 δ’
252 2013 457 2069 ἅπανθ’
511 2014 607 2084 ὑφ’
655 2016 826 2069 αὑτοῦ
876 2015 1218 2085 συμβέβηκεν
1272 2015 1663 2086 ἐξελέγχεσθαι.
1739 2020 1836 2069 καί

147 2126 238 2174 μοι
273 2102 399 2174 λαβὲ
434 2106 533 2172 τὴν
567 2108 870 2173 μαρτυρίαν
905 2105 976 2167 ὡς
1009 2106 1339 2173 ὡμολογεῖτο
1373 2108 1505 2157 τότε·
1531 2106 1596 2157 τὰ
1636 2114 1829 2174 σημεῖα

147 2205 255 2246 τῶν
308 2194 638 2262 γραμμάτων
691 2194 796 2246 ὑπὸ
850 2202 942 2263 τῆς
992 2195 1190 2248 τούτου
1243 2196 1531 2261 γυναικός,
1585 2191 1672 2246 καὶ
1723 2201 1830 2246 νῦν

147 2282 252 2336 ὑπὸ
294 2282 582 2334 Σπουδίου
623 2280 1113 2351 κατασημανθέντα
1154 2291 1337 2333 κεῖται.

825 2445 1137 2485 MAPTTPIA.

267 2550 488 2602 Τούτων
514 2552 703 2603 τοίνυν
731 2559 915 2617 σαφῶς
940 2548 1112 2610 οὕτως
1137 2546 1632 2617 ἀποδεδειγμένων,
1663 2548 1828 2617 ἡγοῦ-

148 2656 243 2704 μαι
290 2634 389 2705 μὲν
437 2635 601 2690 οὐδὲν
649 2640 725 2690 ἔτι
775 2639 892 2690 δεῖν
940 2639 1107 2688 πλείω
1149 2635 1350 2704 λέγειν·
1394 2637 1552 2689 ὁπότε
1592 2637 1695 2706 γὰρ
1737 2634 1829 2688 καὶ

149 2726 352 2794 νόμους
398 2728 501 2795 ,ε”χω
550 2725 928 2795 παρασχέσθαι
975 2724 1062 2777 καὶ
1111 2725 1384 2793 μάρτυρας
1426 2723 1679 2777 ἁπάντων
1718 2732 1830 2776 τῶν

149 2811 471 2882 εἰρημένων,
511 2813 599 2866 καὶ
639 2816 734 2868 τὸν
767 2813 1050 2867 ἀντίδικον
1091 2814 1259 2867 αὐτὸν
1301 2814 1677 2881 ὁμολογοῦντά
1710 2832 1828 2880 μοι,

149 2904 204 2954 τί
246 2902 334 2954 δεῖ
377 2911 599 2970 μακρῶν
649 2904 725 2954 ε”τι
774 2905 977 2969 λόγων;
1028 2902 1172 2969 ὅμως
1219 2898 1269 2953 δ’
1316 2900 1384 2960 ἂν
1432 2902 1536 2967 ἄρα
1574 2899 1696 2972 περὶ
1734 2907 1830 2969 τῆς
