2035 3158
118 1710 161 1741 37

126 2503 169 2533 38

166 199 169 200 ⁷
185 157 211 206 1
224 154 293 205 74
729 154 780 195 L.
825 150 1337 210 [ΔΗΜΟΣΘΕΝΟΤΣ]

138 745 156 775 5
182 726 417 795 ράρχοις.

174 289 478 358 ὑπηρεσίαν
527 286 636 340 ὑπὸ
687 289 897 354 μισθοῦ
945 287 1158 337 πολλοῦ
1205 279 1297 336 καὶ
1343 281 1620 344 ἐντελοῦς;
1673 288 1858 332 κακῶν

179 372 266 428 δ”
306 376 409 444 ἔφη
449 373 809 435 ’διδάσκαλος
844 369 1076 440 γέγονας
1115 369 1176 424 ἐν
1213 376 1288 441 τῷ
1331 368 1719 438 στρατεύματι,
1765 365 1857 420 καὶ

179 468 350 524 αἴτιος
389 458 441 515 εἶ
468 460 630 530 μέρος
661 480 711 513 τι
749 457 840 513 καὶ
873 469 987 521 τοῖς
1017 459 1202 521 ἄλλοις
1239 456 1586 528 τριηράρχοις
1622 473 1855 525 πονηρο-

179 549 370 620 τέρους
423 546 564 603 εἶναι
610 550 739 610 τοὺς
785 548 1141 617 στρατιώτας,
1197 549 1486 615 ζητοῦντας
1531 543 1697 597 ταύτὰ
1746 552 1860 605 τοῖς

180 638 325 706 παρὰ
365 640 479 690 σοί·
520 638 630 690 ἔδει
671 637 773 705 γὰρ
814 633 874 689 σὲ
913 635 1081 688 ταύτὰ
1119 644 1298 687 ποιεῖν
1337 643 1450 696 τοῖς
1488 633 1674 694 ἄλλοις
1710 644 1990 701 τμη-1218

428 724 444 747 ’
500 723 756 792 λέγοντος
788 721 837 777 δ’
878 723 1048 777 αὐτοῦ
1080 731 1266 791 ταῦτα,
1306 717 1858 792 ἀπεκρινάμηναύτῷ

180 813 263 865 ὅτι
304 813 468 881 σκεύη
509 810 608 882 μὲν
656 813 747 865 διὰ
794 820 956 865 τοῦτο
997 811 1064 865 οὐ
1111 813 1331 880 λάβοιμι
1371 809 1430 863 ἐκ
1467 818 1567 863 τοῦ
1604 811 1859 879 νεωρίου,

182 901 291 954 Ἧτι
338 903 406 954 σὺ
453 900 687 969 ἀδόκιμα
735 900 991 968 ἐποίησας
1035 899 1185 952 αὐτά.
1255 896 1372 951 ἀλλ’
1419 900 1470 952 εἰ
1513 895 1613 968 μὲν
1650 898 1860 967 βούλει,

181 997 350 1043 ταῦτα
386 988 689 1059 παράλαβε·
727 989 781 1042 εἰ
816 985 876 1041 δὲ
916 989 1009 1057 μὴ,
1047 988 1212 1056 σκεύη
1252 994 1432 1058 σαυτῷ
1472 987 1859 1058 παρασκεύαζε.

181 1075 305 1144 περὶ
345 1074 405 1130 δὲ
436 1086 547 1130 τῶν
578 1086 796 1130 ναυτῶν
827 1075 914 1130 καὶ
950 1085 1058 1130 τῶν
1099 1075 1370 1144 ἐπιβατῶν
1408 1072 1499 1128 καὶ
1538 1081 1630 1143 τῆς
1658 1073 1858 1144 ὑπηρε-

184 1168 322 1233 σιάς,
360 1166 411 1218 εἰ
446 1163 555 1236 φῂς
584 1162 676 1218 ὑπ’
717 1164 851 1234 ἐμοῦ
890 1163 1089 1226 αὐτοὺς
1129 1163 1492 1234 διεφθάρθαι,
1527 1162 1860 1232 παραλαβὼν

184 1254 284 1321 τὴν
323 1255 516 1322 τριήρη
556 1252 718 1315 αὐτὸς
750 1260 929 1323 σαυτῷ
968 1252 1367 1305 κατασκεύασαι
1405 1249 1496 1305 καὶ
1533 1252 1735 1312 ναύτας
1770 1248 1862 1304 καὶ

185 1340 440 1408 ἐπιβάτας
485 1338 575 1393 καὶ
621 1339 955 1409 ὑπηρεσίαν,
1009 1339 1206 1403 οἵτινές
1253 1355 1340 1394 σοι
1386 1335 1558 1409 μηδὲν
1604 1341 1864 1408 λαβόντες

185 1429 641 1497 συμπλεύσονται.
703 1429 804 1496 τὴν
857 1425 915 1481 δὲ
971 1437 1112 1482 ναῦν
1164 1428 1467 1498 παράλαβε·
1522 1427 1589 1481 οὐ
1633 1426 1737 1496 γὰρ
1784 1428 1862 1480 ἔτι

184 1536 279 1585 μοι
316 1518 575 1587 προσήκει
614 1526 983 1585 τριηραρχεῖν·
1025 1517 1053 1569 ὅ
1086 1536 1140 1570 τε
1180 1517 1283 1585 γὰρ
1324 1518 1520 1586 χρόνος
1558 1514 1731 1583 ἐξήκει
1769 1534 1864 1584 μοι

185 1611 280 1672 τῆς
308 1608 677 1675 τριηραρχίας,
706 1603 795 1658 καὶ
829 1604 1342 1674 ἐπιτετριηράρχηκα
1373 1601 1627 1673 τέτταρας
1656 1601 1864 1672 μῆνας.’

187 1691 442 1761 λέγοντος
489 1690 555 1745 δέ
596 1712 703 1761 μου
757 1702 956 1761 ταῦτα,
1010 1691 1364 1760 ἀποκρίνεταί
1407 1711 1500 1761 μοι
1547 1691 1630 1745 ὅτι
1667 1690 1696 1745 ὁ
1735 1704 1867 1745 συν-

185 1783 511 1851 τριήραρχος
536 1780 680 1851 αὐτῷ
715 1780 812 1850 οὐχ
838 1780 960 1848 ’ἥκοι
993 1778 1079 1833 ἐπὶ
1105 1781 1203 1849 τὴν
1236 1788 1398 1833 ναῦν·
1439 1779 1672 1833 ὀὔκουν
1696 1798 1867 1849 παρα-

188 1871 428 1938 λήψομαι
453 1871 621 1938 μόνος
645 1870 745 1937 τὴν
769 1867 999 1938 τριήρη.’
1060 1869 1132 1930 ὡς
1165 1863 1267 1921 οὖν
1299 1867 1480 1936 ἀληθῆ
1520 1875 1687 1921 ταῦτα
1727 1867 1868 1938 λέγω

187 1959 324 2027 πρὸς
367 1956 536 2026 ὑμᾶς,
586 1954 674 2009 καὶ
723 1955 781 2008 ἐν
821 1953 922 2025 μὲν
968 1963 1031 2026 τῇ
1078 1955 1253 2027 ἀγορᾷ
1299 1946 1626 2023 ἀπεκρίνατό
1671 1975 1764 2026 μοι
1802 1957 1869 2011 τὰ

188 2048 478 2115 πρότερον,
517 2044 600 2097 ὅτι
641 2040 806 2097 οὐδὲν
845 2043 990 2114 αὐτῷ
1032 2042 1186 2113 μέλοι
1221 2039 1297 2096 ὧν
1337 2042 1569 2112 λέγοιμι,
1608 2043 1667 2097 ἐν
1706 2041 1767 2099 δὲ
1804 2053 1869 2116 τῇ

191 2136 336 2205 οἰκία
384 2129 450 2186 οὗ
491 2133 518 2186 ὁ
569 2135 877 2202 Τιμόμαχος
923 2134 1212 2200 κατήγετο,
1260 2131 1341 2185 ὅτι
1389 2134 1557 2200 μόνος
1594 2131 1662 2185 οὐ
1699 2150 1870 2203 παρα-

191 2223 418 2290 λήψεται
449 2222 548 2291 τὴν
580 2229 742 2290 ναῦν,
780 2222 992 2274 τούτων
1024 2221 1155 2290 ὑμῖν
1196 2219 1569 2289 ἀναγνώσεται
1607 2220 1702 2285 τὰς
1737 2242 1873 2293 μαρ-

191 2313 394 2379 τυρίας.

797 2427 800 2431 ,
866 2382 1208 2424 MAPTTPIAI.

303 2487 462 2539 Met&
511 2494 680 2540 ταῦτα
729 2489 922 2539 τοίνυν
969 2482 1010 2539 ὦ
1058 2486 1255 2555 ἄνδρες
1302 2487 1582 2555 δικασταί,
1635 2485 1872 2549 ὡςόὔτε

196 2570 356 2636 οὗτος
393 2572 566 2642 ἤθελέ
600 2592 693 2642 μοι
732 2574 833 2642 τὴν
872 2580 1014 2626 ναῦν
1055 2572 1427 2643 διαδέχεσθαι,
1467 2572 1592 2627 οὔτε
1631 2572 1873 2628 τάναλώ-

196 2659 317 2730 ματ’
363 2661 626 2716 ἀπεδίδου
671 2670 770 2716 τοῦ
818 2659 1434 2731 ἐπιτετριηραρχημένου
1472 2662 1702 2732 χρόνου,
1748 2662 1779 2716 ὅ
1816 2681 1873 2722 τε

198 2752 493 2820 στρατηγὸς
524 2748 857 2820 προσέταττέ
881 2769 974 2818 μοι
1007 2748 1330 2817 ἀνάγεσθαι,
1367 2749 1696 2818 προσελθὼν
1726 2749 1873 2822 αὐτῷ

198 2838 270 2891 ἐν’
299 2838 463 2909 Θάσῳ
505 2836 565 2890 ἐν
604 2845 677 2909 τῷ
718 2836 898 2907 λιμένι
940 2837 1192 2891 ἐναντιόν
1230 2845 1330 2890 τοῦ
1369 2846 1705 2908 στρατηγοῦ,
1742 2839 1876 2906 πλή-

198 2946 329 2993 ρους
369 2927 535 2994 οὔσης
574 2933 666 2994 τῆς
696 2927 970 2996 τριήρους,
1010 2928 1198 2994 ἔλεγον
1230 2924 1263 2979 ἃ
1297 2926 1479 2979 δίκαια
1509 2922 1610 2994 μὲν
1648 2925 1750 2980 οὐκ
1786 2921 1878 2996 ἦν,
