2035 3158
695 177 860 220 ΠΡΟΣ
892 175 1279 218 ΚΑΛΛΙΠΠΟΝ.
1728 168 1837 223 195

145 308 310 376 πατρὶ
350 309 410 364 ἐν
447 319 565 374 ταῖς
604 310 863 372 συνόδοις
893 319 1009 371 ταῖς
1048 310 1184 378 πρὸς
1220 315 1438 374 τοῦτον,
1477 309 1538 360 αἳ
1572 306 1719 374 παρὰ
1757 307 1833 376 τςό

156 399 459 468 Λυσιθείδῃ
499 397 804 467 ἐγίγνοντο,
842 397 1120 466 μάρτυρας
1156 393 1470 465 παρέξομαι.

775 548 780 553 ’
821 558 1156 600 ΜΑΡΤΥΡΕΣ.

85 680 123 711 ιτ
243 659 364 715 Ὅτι
402 657 505 731 μὲν
542 660 609 715 οὐ
647 661 1122 729 προκαλεσάμενος
1169 662 1245 722 εἰς
1292 658 1481 730 ὅρκον“
1498 660 1595 711 τὸν
1632 655 1834 727 πατέρα

148 751 298 816 τότε,
348 746 476 801 νυνὶ
527 747 742 801 ἐκείνου
788 749 1230 816 τετελευτηκότος
1280 747 1695 813 καταψεύδεται,
1744 742 1836 797 καὶ

148 833 263 889 κατ’
310 835 445 905 ἐμοῦ
485 835 688 906 ῥᾳδίως
732 835 796 887 τὰ
836 835 1013 902 ψευδῆ
1054 842 1468 903 μαρτυροῦντας
1505 835 1634 895 τοὺς
1673 834 1965 892 elaad-1241

148 944 245 986 ους
282 925 412 986 τοὺς
451 920 650 977 ἑαυτοῦ
690 921 1004 993 παρέχεται,
1054 925 1111 974 ἔκ
1158 941 1213 974 τε
1253 931 1363 974 τῶν
1401 924 1707 991 τεκμηρίων
1746 917 1836 973 καὶ

149 1011 208 1065 ἐκ
245 1019 338 1080 τῆς
376 1013 676 1081 μαρτυρίας
714 1011 911 1078 ταύτης
958 1007 1155 1080 ῥᾴδιον
1194 1010 1327 1078 ὑμῖν
1367 1008 1587 1063 εἰδέναι.
1652 1007 1735 1061 ὅτι
1776 1005 1837 1061 δὲ

148 1099 253 1168 ἐγὼ
304 1096 442 1169 ὑπὲρ
491 1107 592 1153 τοῦ
640 1100 845 1168 πατρὸς
901 1097 1149 1166 ἠθέλησα
1208 1097 1352 1168 αὐτῷ
1394 1099 1588 1163 ,πίστιν
1640 1098 1836 1150 δοῦναι

148 1188 320 1257 ἤνπερ
372 1187 401 1242 6
453 1189 623 1256 νόμος
672 1187 910 1255 κελεύει,
971 1185 1066 1239 ε’άν
1115 1206 1196 1247 τις
1251 1191 1513 1238 τεθνεῶτι
1565 1184 1837 1238 ἐπικαλῶν

83 1295 126 1326 ιε
151 1276 427 1344 δικάζηται
466 1283 541 1347 τῷ
580 1277 932 1347 κληρονόμῳ,
981 1275 1053 1342 μὴ
1104 1275 1290 1326 δοκεῖν
1338 1293 1429 1342 μοι
1470 1273 1601 1342 μήτε
1641 1273 1838 1340 ὁμολο-

149 1373 310 1434 γῆσαι
364 1365 461 1417 τὸν
514 1362 717 1432 πατέρα
771 1364 945 1435 τούτω
1011 1361 1320 1415 ἀποδώσειν
1374 1363 1434 1414 τὸ
1489 1359 1757 1431 ἀργύριον
1807 1357 1836 1412 ὃ

148 1451 398 1505 κατέλιπε
446 1451 674 1518 Λύκων,
729 1453 859 1520 μήτε
917 1455 1259 1516 συσταθῆναι
1323 1449 1491 1502 αὐτὸν
1544 1455 1618 1520 τῷ
1674 1444 1837 1515 πατρὶ

149 1541 256 1593 ὑπὸ
307 1546 406 1593 τοῦ
448 1539 744 1606 Λύκωνος,
795 1536 884 1590 καὶ
938 1540 1232 1607 Φορμίων,
1283 1532 1316 1605 ἧ
1365 1537 1474 1605 μὴν
1525 1537 1838 1604 διαλογίσα-

151 1631 289 1682 σθαί
330 1646 387 1681 τε
435 1627 687 1680 ἐναντίον
728 1623 1085 1696 Ἀρχεβιάδου
1132 1633 1205 1697 τῷ
1251 1626 1474 1677 Λύκωνι
1522 1624 1710 1692 αὐτός,
1747 1621 1838 1677 καὶ

150 1721 564 1787 προσταχθῆναι
625 1714 769 1786 αὐτῷ
824 1714 1145 1784 Κηφισιάδῃ
1207 1713 1512 1766 ἀποδοῦναι
1562 1713 1622 1766 τὸ
1673 1711 1838 1781 ἀργύ-

89 1823 126 1853 19
153 1824 296 1874 ριον,
333 1805 431 1857 τὸν
472 1800 533 1856 δὲ
566 1802 920 1872 Κηφισιάδην
955 1802 1126 1864 δεῖξαι
1161 1801 1306 1872 αὑτῷ
1341 1802 1437 1853 τὸν
1464 1797 1841 1870 Ἀρχεβιάδην,

151 1890 241 1945 καὶ
296 1891 384 1946 ὅτε
440 1891 760 1952 Κάλλιππος
821 1894 1104 1960 προσῆλθε
1168 1891 1227 1942 τὸ
1282 1898 1500 1959 πρῶτον
1553 1889 1688 1957 πρὸς
1741 1888 1840 1956 τὴν

151 1981 447 2049 τράπεζαν,
499 1978 676 2048 λέγων
728 1979 810 2032 ὅτι
862 1979 1255 2046 τετελευτηκὼς
1304 1982 1385 2047 εἴη
1439 1977 1467 2030 6
1509 1978 1711 2029 Λύκων
1749 1974 1840 2028 καὶ

153 2068 315 2130 αὐτὸς
361 2067 537 2137 ἀξιοίη
584 2068 649 2120 τὰ
698 2067 985 2136 γράμματα
1034 2068 1201 2134 ἰδεῖν,
1249 2071 1305 2118 εἴ
1342 2085 1392 2118 τι
1439 2065 1841 2126 καταλελοιπὼς

151 2162 234 2226 εἴη
276 2156 304 2210 6
345 2154 497 2219 ξένος
535 2155 831 2225 ἀργύριον,
879 2151 911 2224 ἦ
953 2155 1062 2224 μὴν
1113 2153 1392 2217 δείξαντος
1432 2151 1630 2206 εαυτοῦ
1668 2153 1841 2215 εὐθὺς

154 2245 299 2316 αὐτῷ
346 2244 411 2296 τὰ
452 2242 764 2311 γράμματα,
812 2243 1001 2295 ἰδόντα
1049 2241 1217 2294 αὐτὸν
1263 2262 1335 2294 τω
1392 2241 1706 2311 Κηφισιάδῃ
1752 2261 1837 2310 γε-

154 2330 468 2401 γραμμένον
509 2330 834 2397 ἀποδοῦναι,
876 2337 1050 2399 σιωπῇ
1093 2334 1343 2399 οἴχεσθαι
1384 2328 1632 2398 ἀπιόντα,
1672 2326 1838 2384 οὐδὲν

155 2420 279 2474 οὔτε
327 2419 814 2489 ἀμφισβητήσαντα
861 2415 976 2471 οὔτ’
1032 2414 1324 2470 ἀπειπόνθ’
1378 2416 1525 2488 αὑτῷ
1571 2416 1696 2488 περὶ
1739 2426 1839 2471 τοῦ

155 2507 453 2577 ἀργυρίου,
503 2506 712 2559 τούτων
762 2505 896 2574 ὑμῖν
946 2505 1040 2568 τάς
1086 2523 1142 2558 τε
1194 2507 1493 2574 μαρτυρίας
1533 2503 1840 2575 ἀμφοτέρας

156 2594 246 2648 καὶ
282 2596 380 2649 τὸν
417 2596 593 2664 νόμον
634 2594 1022 2662 ἀναγνώσεται.

679 2753 1017 2796 MAPTTPIAI.
1079 2754 1307 2798 ΝΟΜΟΣ.

93 2875 134 2906 20
271 2855 410 2928 Φέρε
452 2859 520 2927 δὴ
559 2857 691 2927 ὑμῖν
733 2853 773 2909 ὦ
823 2858 1019 2925 ἄνδρες
1067 2853 1314 2910 δικασταὶ
1363 2856 1434 2919 ὡς
1481 2854 1600 2910 οὐδ’
1647 2856 1837 2927 ἐχρῆτο

166 2947 360 3000 Λύκων
404 2953 472 3017 τῷ
519 2948 816 3017 Καλλίππῳ
864 2943 1136 3008 ἐπιδείξω·
1179 2941 1328 3012 οἶμαι
1376 2944 1478 3013 γάρ
1526 2948 1583 2997 τί
1616 2965 1708 3012 μοι
1747 2943 1834 2997 καὶ

1484 3030 1571 3074 13*
