2035 3158
146 377 188 409 74

146 899 191 932 75

150 1689 190 1720 76

221 142 322 191 124
682 141 861 181 van.
912 137 1416 195 [ΔΗΜΟΣΘΕΝΟΎΣ]

939 269 1163 310 ΝΟΜΟΣ.

324 362 687 428 Πολλαχόθεν
727 354 827 426 μὲν
867 353 969 410 οὖν
1001 353 1152 425 οἶμαι
1191 353 1233 408 ὦ
1273 357 1469 423 ἄνδρες
1509 353 1756 407 δικασταὶ
1793 373 1887 407 κα·

212 455 425 517 ταφανῆ
472 447 604 514 ὑμῖν
657 446 755 513 τὴν
808 447 1109 514 μαρτυρίαν
1157 440 1296 496 εἶναι
1348 444 1421 505 ὡς
1465 444 1672 510 ψευδής
1719 441 1889 508 ἐστιν,

213 536 312 605 οὐχ
357 536 543 602 ἥκιστα
571 529 620 585 δ’
653 530 710 583 ἐκ
734 539 842 582 τῶν
878 529 1273 598 πεπραγμένων
1306 529 1490 591 αὐτοῖς
1522 526 1718 599 ῥᾴδιον
1747 537 1882 596 γνῶ-

212 644 318 677 ναι.
381 619 532 676 οὗτοι
565 620 668 687 γὰρ
702 617 877 690 ᾤοντο
911 614 952 670 ὦ
982 619 1178 686 ἄνδρες
1211 615 1457 670 δικασταὶ
1491 614 1602 685 ἐμέ,
1633 617 1684 668 εἰ
1711 616 1887 668 πολλά

213 731 318 779 μου
360 710 580 777 λάβοιεν
615 705 861 776 ἐνέχυρα,
900 707 1140 773 ἄσμενον
1173 704 1405 774 ἀφήσειν
1441 707 1549 773 [με]
1589 705 1717 766 τοὺς
1754 703 1886 772 μάρ-

214 818 376 867 τυρας
431 806 538 848 τῶν
595 795 1115 861 ψευδομαρτυριῶν,
1169 793 1304 844 ὥστε
1359 791 1655 859 ἀπολαβεῖν
1705 810 1770 859 με
1822 791 1888 843 τὰ

215 885 458 955 ἐνέχυρα.
524 881 611 935 καὶ
661 881 845 949 ἐπειδὴ
896 881 1133 949 ἐδεήθην
1173 880 1342 933 αὐτοῦ
1381 878 1756 948 ἀναβαλέσθαι
1795 898 1887 947 μοι

215 975 313 1040 τὴν
366 972 765 1039 ὑπερημερίαν,
819 970 1052 1036 ἄσμενος
1097 969 1362 1035 ἤκουσεν,
1411 968 1502 1019 ἵνα
1551 966 1890 1036 ὑπερήμερος

215 1061 358 1131 αὐτῷ
401 1062 662 1127 γενοίμην
702 1055 791 1109 καὶ
831 1055 1190 1125 ἐκφορήσαιτό
1232 1075 1338 1122 μου
1386 1054 1458 1116 ὡς
1495 1058 1732 1106 πλεῖστα.
1794 1051 1884 1106 καὶ
1907 1063 1983 1102 11

216 1149 305 1200 διὰ
339 1155 496 1200 τοῦτο
531 1145 741 1206 ἀκάκως
773 1143 861 1197 καὶ
893 1145 1028 1213 ταχύ
1060 1163 1152 1211 μοι
1185 1142 1558 1213 ὡμολόγησεν,
1596 1142 1687 1193 ἵνα
1725 1146 1888 1193 πιθα-

217 1239 310 1298 νὸς
342 1233 561 1302 γένηται
593 1232 683 1285 καὶ
719 1234 789 1301 μὴ
823 1231 1134 1299 καταφανὴς
1167 1230 1558 1297 ἐπιβουλεύων,
1588 1228 1890 1297 ἡγούμενος

216 1324 316 1376 οὐκ
357 1319 496 1375 εἶναι
537 1321 682 1390 αὑτῷ
717 1318 788 1372 δι’
828 1321 997 1372 ἄλλου
1038 1321 1243 1387 τρόπου
1282 1319 1408 1378 τοὺς
1447 1316 1723 1385 μάρτυρας
1760 1315 1890 1386 ἀφε-

215 1418 384 1478 θῆναι
416 1419 525 1461 τῶν
558 1409 1069 1476 ψευδομαρτυριῶν,
1108 1405 1140 1473 ἢ
1173 1405 1263 1457 διὰ
1303 1413 1401 1457 τοῦ
1435 1403 1759 1472 ἐξαπατῆσαι
1799 1401 1889 1456 καὶ

216 1501 405 1566 λαβεῖν
444 1516 508 1566 με
556 1496 899 1563 ὑπερήμερον
946 1493 1035 1546 καὶ
1084 1493 1494 1562 ἐκφορήσασθαι
1535 1492 1606 1553 ὡς
1643 1496 1888 1544 πλεῖστα·

216 1586 282 1638 οὐ
322 1585 424 1653 γὰρ
473 1584 573 1636 ὅσα
623 1587 813 1653 ἔχουσι’
855 1602 961 1651 μου
1002 1581 1136 1653 ᾤετο
1177 1583 1481 1648 λήψεσθαι,
1527 1577 1663 1631 ἀλλὰ
1702 1583 1887 1650 πολλῷ

215 1677 398 1726 πλείω.
460 1670 549 1724 καὶ
582 1674 677 1724 τὸν
710 1668 809 1740 μὲν
842 1672 1011 1722 ἄλλον
1044 1671 1245 1738 χρόνον
1278 1666 1558 1736 ἀνέμενεν,
1597 1668 1667 1728 ὡς
1699 1667 1765 1720 οὐ
1797 1667 1889 1719 διὰ

215 1760 421 1830 ταχέων
461 1779 525 1829 με
564 1767 863 1827 ποριοῦντα
915 1758 1059 1827 αὐτῷ
1099 1758 1157 1810 τὸ
1211 1755 1509 1824 ἀργύριον,
1556 1757 1891 1823 βουλόμενος

215 1847 308 1901 ὑπ’
345 1848 543 1909 αὐτοὺς
582 1849 707 1908 τοὺς
733 1845 947 1913 ἀγῶνας
983 1854 1091 1897 τῶν
1123 1845 1614 1912 ψευδομαρτυριῶν
1645 1844 1744 1911 τὴν
1776 1844 1889 1894 ε’νε-

217 1939 483 2006 χυρασιάν
531 1954 637 2003 μου
683 1936 1040 2002 ποιήσασθαι·
1090 1932 1275 2001 ἐπειδὴ
1316 1928 1365 1985 δ’
1412 1930 1703 1999 ἐπήγγειλα
1742 1930 1888 2002 αὐτῷ

216 2027 549 2092 κομίσασθαι
604 2023 703 2089 τὴν
756 2022 945 2088 δίκην,
1001 2019 1182 2073 ἐλθών
1233 2039 1339 2088 μου
1386 2018 1451 2071 τά
1501 2036 1556 2070 τε
1597 2017 1760 2084 σκεύη
1800 2014 1890 2069 καὶ
1936 2006 1944 2015 ’

216 2114 343 2173 τοὺς
383 2110 589 2172 οἰκέτας
629 2107 717 2161 καὶ
763 2110 826 2160 τὰ
867 2110 1110 2176 πρόβατα
1161 2109 1354 2175 ἔλαβεν
1394 2103 1514 2158 ἀντὶ
1554 2112 1651 2157 τοῦ
1689 2103 1890 2157 ἀπολα-

217 2204 350 2269 βεῖν.
412 2207 633 2266 γεωργῶ
668 2193 728 2249 δὲ
766 2198 902 2263 πρὸς
934 2202 1006 2267 τῷ
1043 2195 1380 2266 ἱπποδρόμῳ,
1420 2194 1556 2246 ὥστε
1597 2192 1663 2245 οὐ
1701 2193 1888 2261 πόρρω

153 2289 327 2339 ’τέ’δει
375 2286 542 2339 αὐτὸν
591 2284 792 2337 ἐλθεῖν.
856 2283 937 2336 ὅτι
985 2280 1032 2335 δ’
1080 2281 1261 2351 ἀληθῆ
1315 2280 1479 2349 λέγω,
1526 2278 1662 2349 μέγα
1701 2280 1890 2347 τεκμή-

218 2395 340 2440 ριον
379 2374 511 2442 ὑμῖν
552 2375 711 2424 ἔστω·
755 2379 817 2440 τῇ
857 2371 1117 2440 ὑστεραίᾳ
1156 2370 1258 2437 γὰρ
1299 2368 1585 2436 ἐκομίσατο
1623 2368 1685 2420 τὸ
1725 2365 1891 2435 ἀργύ-

219 2483 342 2529 ριον
381 2470 474 2530 τῆς
515 2462 685 2528 δίκης,
725 2458 757 2527 ἢ
797 2459 860 2510 τὰ
901 2457 1130 2527 ἐνέχυρα
1170 2460 1380 2525 ἔλαβεν.
1440 2457 1615 2508 καίτοι
1652 2463 1765 2515 πῶς
1803 2453 1891 2523 ἀν,

217 2553 268 2603 εί
304 2551 376 2619 μὴ
427 2545 827 2617 πεπορισμένον
875 2543 973 2614 ἦν,
1019 2546 1192 2607 εὐθὺς
1238 2543 1471 2611 ἀπέλαβε
1517 2544 1577 2595 τὸ
1625 2541 1891 2610 ἀργύριον

219 2641 392 2707 χιλίας
439 2638 749 2705 τριακοσίας
797 2633 926 2686 δέκα
975 2642 1116 2702 τρεῖς
1155 2629 1245 2685 δύ’
1292 2631 1494 2699 ὀβολώ;
1546 2627 1636 2682 καὶ
1673 2629 1740 2682 τὰ
1779 2626 1891 2680 ἐνέ-

219 2725 357 2795 χυρά
412 2744 504 2793 μοι
560 2724 660 2777 οὐκ
714 2721 1006 2789 ἀπεδίδου,
1060 2718 1176 2772 ἀλλ’
1232 2721 1309 2772 ἔτι
1363 2716 1453 2770 καὶ
1506 2725 1612 2770 νῦν
1663 2719 1771 2786 ἔχει
1820 2715 1893 2778 ὡς

219 2810 563 2881 ὑπερημέρου
612 2813 781 2872 ὄντος.
845 2809 926 2861 ὅτι
974 2805 1030 2860 δ’
1077 2808 1177 2861 οὐκ
1222 2803 1292 2874 ἦν
1339 2805 1483 2876 αὐτῷ
1536 2804 1891 2873 ὑπερήμερος,

220 2901 511 2967 ἀνάγνωθί
531 2918 622 2967 μοι
658 2899 757 2965 τὴν
782 2899 1085 2965 μαρτυρίαν
1117 2892 1206 2948 καὶ
1236 2896 1331 2946 τὸν
1363 2895 1555 2961 νόμον,
1594 2891 1652 2954 ὃς
1683 2891 1890 2944 κελεύει
