2035 3158
233 150 337 203 350
690 153 848 194 XLIX.
898 151 1405 209 [ΔΗΜΟΣΘΕΝΟΥΣ]

158 297 201 331 ⁸8
225 282 314 336 καὶ
352 292 496 354 μνᾶν
535 283 802 354 ἀργυρίου
842 286 1218 338 δανείσασθαι.
1293 283 1533 347 ἀκούσας
1571 282 1621 338 δ’
1659 285 1688 340 6
1726 285 1904 354 πατὴρ

225 370 254 425 ὁ
288 371 413 441 ἐμὸς
434 379 533 426 τοῦ
557 374 902 442 Αἰσχρίωνος
932 380 1030 426 τοῦ
1062 370 1380 425 ἀκολούθου
1410 379 1509 426 τοῦ
1539 372 1738 426 τούτου
1775 373 1907 435 τούς

224 478 279 512 τε
319 458 654 529 ἀφιγμένους
691 458 781 512 καὶ
819 460 921 528 τὴν
958 463 1146 529 χρειάν
1185 461 1263 522 είς
1300 459 1369 527 ἣν
1410 457 1607 530 ᾐτεῖτο,
1648 456 1732 529 ἐφ’
1778 460 1813 513 ἄ
1849 457 1899 513 τ’

223 542 398 615 ἦλθεν
437 550 649 618 ἔχρησε,
685 546 775 601 καὶ
813 548 915 616 τὴν
945 555 1089 615 μνᾶν
1127 555 1225 601 τοῦ
1264 547 1551 616 ἀργυρίου,
1589 546 1658 615 ἣν
1698 547 1905 602 ἐδανεί-

225 635 360 701 ζετο,
399 634 696 687 ἐδάνεισεν.
759 633 1145 707 ἀπολελυμένῳ
1169 639 1359 688 τοίνυν
1383 643 1477 703 τῆς
1500 637 1692 703 αι’τίας,
1728 637 1905 706 πολλὴ

224 721 549 791 συνέβαινεν
589 722 735 794 αὐτῷ
768 723 900 791 μετὰ
936 731 1104 775 ταῦτα
1143 723 1434 793 χρημάτων
1474 721 1693 792 ἀπορία,
1731 728 1809 787 εἰς
1844 742 1903 777 τε

223 810 319 872 τὰς
349 811 491 873 ἰδίας
526 814 707 880 χρείας
730 809 820 863 καὶ
852 813 929 872 εἰς
960 811 1053 873 τὰς
1085 811 1351 879 δημοσίας
1381 811 1659 880 εἰσφοράς,
1690 811 1723 864 ἃ
1756 811 1905 880 ὁρῶν

224 897 252 950 ὁ
291 898 467 965 πατὴρ
508 899 536 952 6
577 897 702 966 ἐμὸς
741 897 842 951 οὐκ
882 896 1080 966 ἐτόλμα
1111 906 1309 952 τοῦτον
1348 898 1519 960 εὐθὺς
1556 898 1804 952 ἀπαιτεῖν
1841 901 1905 953 τὸ

158 1001 200 1032 24
225 984 511 1055 ἀργύριον·
546 987 671 1039 οὕτε
704 986 807 1055 γὰρ
834 985 901 1038 ἂν
934 995 1132 1040 τοῦτον
1163 985 1533 1056 εὐπορήσανθ’
1573 987 1755 1056 ἡγεῖτο
1786 986 1905 1041 ἀδι-

223 1081 386 1142 κῆσαι
425 1075 620 1142 αὑτόν,
666 1071 781 1127 οὔτ’
828 1073 897 1126 ἂν
945 1075 1106 1137 αὐτὸς
1152 1074 1464 1143 ἀποροῦντα
1509 1084 1708 1130 τοῦτον
1759 1079 1905 1146 ἔχειν

225 1163 435 1216 ὁπόθεν
467 1161 821 1229 εἰσπράξειεν.
884 1161 1069 1230 ἐπειδὴ
1103 1166 1295 1216 τοίνυν
1335 1163 1588 1231 ἀπῆλθον
1628 1163 1657 1216 ὅ
1696 1182 1752 1217 τε
1787 1160 1906 1217 Ἀλ-

223 1249 378 1313 κέτας
418 1249 507 1303 καὶ
555 1250 583 1305 6
625 1248 844 1317 Ἰάσων,
891 1251 953 1303 τὰ
1001 1247 1102 1319 μὲν
1151 1253 1438 1320 στρώματα
1487 1250 1577 1304 καὶ
1617 1252 1682 1304 τά
1721 1252 1907 1321 ἱμάτια

223 1340 389 1392 πάλιν
436 1338 740 1407 ἀπήνεγκεν
791 1338 819 1392 6
865 1341 1144 1409 Αἰσχρίων
1192 1339 1221 1392 ὁ
1269 1338 1580 1402 ἀκόλουθος
1619 1339 1648 1393 6
1687 1341 1907 1409 τούτου,

223 1428 319 1490 τὰς
369 1423 430 1480 δὲ
478 1428 677 1498 φιάλας
726 1427 821 1489 τὰς
872 1428 974 1480 δύο
1022 1426 1122 1480 οὐκ
1169 1426 1505 1495 ἀπήνεγκεν,
1561 1426 1624 1489 ἃς
1669 1425 1906 1498 ᾐτήσατο

224 1516 414 1584 ὅτεπερ
473 1514 562 1569 καὶ
617 1517 681 1568 τὰ
737 1517 1022 1584 στρώματα
1071 1513 1161 1568 καὶ
1215 1517 1315 1584 τὴν
1375 1523 1518 1584 μνᾶν
1579 1523 1680 1569 τοῦ
1739 1515 1906 1586 ἀργυ-

223 1608 348 1671 ρίου
389 1603 729 1671 ἐδανείσατο,
777 1602 1128 1673 ἀφικομένων
1179 1603 1252 1666 ὡς
1290 1611 1488 1657 τοῦτον
1522 1600 1775 1658 Ἀλκέτου
1813 1602 1904 1657 καὶ

217 1689 472 1754 Ἰάσονος.

159 1792 201 1825 25
334 1779 575 1833 Μέλλων
629 1782 820 1833 τοίνυν
876 1778 1181 1849 ἀποδημεῖν
1228 1780 1299 1842 ὡς
1352 1779 1605 1849 βασιλέα,
1652 1777 1739 1833 καὶ
1788 1780 1904 1833 δια-

222 1868 562 1937 πραξάμενος
594 1867 883 1921 ἐκπλεῦσαι
917 1868 989 1930 ὡς
1019 1871 1238 1936 βασιλεῖ
1267 1871 1654 1937 στρατηγήσων
1685 1869 1783 1922 τὸν
1814 1865 1897 1921 ἐπ’

224 1961 506 2024 Αἴγυπτον
546 1959 805 2024 πόλεμον,
852 1957 943 2009 ἵνα
983 1957 1054 2024 μὴ
1097 1957 1173 2027 δῷ
1215 1955 1461 2022 [ἐνθάδε]
1497 1959 1664 2024 λόγον
1694 1954 1785 2009 καὶ
1815 1956 1904 2009 εὐ-

222 2045 402 2107 θύνας
455 2052 547 2112 τῆς
601 2044 805 2097 ἐνθάδε
861 2047 1214 2113 στρατηγίας,
1268 2045 1754 2114 μεταπεμψάμενος
1806 2046 1905 2099 τὸν

222 2131 427 2201 πατέρα
466 2133 562 2185 τὸν
603 2131 736 2200 ἐμὸν
783 2134 861 2195 εἰς
906 2134 966 2186 τὸ
1007 2132 1321 2201 Παράλιον,
1367 2142 1477 2185 τῶν
1523 2151 1580 2185 τε
1624 2141 1904 2203 προϋπηρ·

159 2235 201 2268 ιε
224 2219 457 2290 γμένων,
480 2221 556 2281 εἰς
595 2220 765 2273 αὑτὸν
805 2217 1023 2291 ἐπῄνει,
1072 2218 1161 2272 καὶ
1210 2219 1384 2273 ἐδεῖτο
1426 2219 1594 2274 αὐτοῦ
1634 2222 1906 2288 συστήσας

227 2309 543 2375 Φιλώνδαν,
582 2308 758 2376 ἄνδρα
796 2310 858 2362 τὸ
892 2304 992 2377 μὲν
1035 2307 1193 2376 γένος
1231 2307 1511 2376 Μεγαρέα,
1550 2316 1906 2377 μετοικοῦντα

225 2395 274 2451 δ’
315 2394 599 2465 Ἀθήνησι,
638 2406 839 2459 πιστῶς
878 2394 937 2449 δὲ
976 2397 1150 2468 τούτῳ
1192 2398 1538 2464 διακείμενον
1577 2395 1668 2450 καὶ
1704 2396 1905 2465 ὑπηρε-

2010 793 2035 1267 ἰ

224 2493 425 2539 τοῦντα
451 2484 510 2537 ἐν
542 2483 732 2556 ἐκείνῳ
758 2491 831 2555 τῷ
863 2487 1063 2557 χρόνῳ,
1090 2485 1311 2538 ἐπειδὰν
1345 2484 1600 2554 ἀφίκηται
1637 2484 1696 2538 ἐκ
1720 2488 1905 2538 Μακε-
1924 2500 2027 2542 1195

226 2574 414 2635 δονιάς
453 2572 481 2626 6
525 2573 846 2641 Φιλώνδας,
902 2571 966 2625 ὃν
1018 2575 1245 2641 συνίστη
1298 2569 1459 2635 οὗτος
1508 2579 1580 2644 τῷ
1628 2570 1790 2642 πατρὶ
1828 2580 1902 2645 τῷ

227 2660 363 2732 ἐμῷ,
402 2662 552 2729 ἄγων
591 2659 725 2723 ξύλα
765 2661 828 2712 τὰ
869 2659 1108 2714 δοθέντα
1147 2661 1321 2733 τούτῳ
1360 2660 1466 2713 ὑπὸ
1501 2658 1796 2728 Ἀμύντου,
1843 2662 1903 2715 τὸ

224 2753 433 2802 ναῦλον
467 2757 576 2801 τῶν
609 2747 788 2811 ξύλων
821 2758 1119 2818 παρασχεῖν
1151 2746 1241 2800 καὶ
1281 2748 1433 2801 ἐᾶσαι
1475 2746 1801 2817 ἀνακομίσαι
1839 2749 1905 2802 τά

226 2836 361 2901 ξύλα
401 2839 477 2899 εἰς
527 2837 625 2904 τὴν
666 2838 844 2889 οἰκίαν
884 2837 984 2905 τὴν
1025 2835 1221 2890 ἑαυτοῦ
1259 2837 1359 2905 τὴν
1399 2834 1459 2889 ἐν
1500 2839 1769 2902 Πειραιεῖ·
1809 2836 1903 2889 αὑ-

162 2939 202 2972 εῖ
228 2933 325 2978 τοῦ
359 2917 460 2992 γὰρ
493 2919 635 2976 εἶναι
669 2925 732 2976 τὰ
769 2923 918 2987 ξύλα.
997 2925 1104 2993 ἅμα
1145 2943 1198 2977 τε
1239 2931 1300 2994 τῇ
1343 2928 1524 2993 δεήσει
1564 2923 1678 2976 εἷπε
1717 2925 1905 2993 λόγον,
