2035 3158
650 126 808 176 ΚΑΤΑ
841 124 1355 170 οΛΤΜΠΙοΔΩΡοΤ»
1731 121 1829 172 141

83 275 127 307 4ο
156 259 283 328 ὑμῖν
328 259 673 313 δικαιότατον
720 260 855 328 δοκῇ
905 253 1063 328 εἶναι.
1135 267 1303 311 ταῦτα
1353 256 1403 311 δ’
1451 257 1585 327 ἐμοῦ
1632 275 1834 326 προκα-

150 333 423 415 λουμένου
476 344 577 398 οὐκ
628 341 866 413 ἠθέλησε
921 345 1132 397 τούτων
1187 341 1354 398 οὐδὲν
1406 352 1656 413 ποιῆσαι,
1709 340 1828 395 ἀλλ’

151 431 300 486 οὕτω·
346 434 817 502 πεφιλοσόφηκεν,
879 432 1016 484 ὥστε
1080 433 1152 501 μὴ
1216 428 1357 485 εἶναι
1411 431 1551 500 ὑμᾶς
1604 431 1834 484 ἀκοῦσαι
1855 437 1962 476 1181

149 515 259 573 τῶν
308 522 607 589 συνθηκῶν
658 519 717 573 ἐκ
766 529 877 573 τῶν
936 529 1139 573 κοινῶν
1190 520 1538 590 γραμμάτων.
1611 517 1700 572 καὶ
1752 518 1835 571 ὅτι

149 600 317 661 ταῦτα
353 608 781 678 προύκαλούμην
812 615 1032 676 τοῦτον,
1072 611 1378 678 μαρτυρίαν
1416 607 1549 676 ὑμῖν
1589 606 1835 675 ἀναγνώ-

152 709 300 771 σεται
333 692 411 751 ὧν
443 695 696 750 ἐναντίον
727 696 1172 765 προύκαλούμην.
1230 695 1350 764 λέγε
1382 697 1482 765 τὴν
1515 698 1834 766 μαρτυρίαν.

829 856 1090 898 MAPTTPI
1094 859 1144 900 A.

84 976 129 1008 50
262 963 394 1023 Πῶς
445 959 515 1013 ἂν
570 955 673 1013 οὖν
727 964 937 1028 μᾶλλον
986 962 1302 1030 καταφανὴς
1352 958 1565 1029 γένοιτο
1617 960 1836 1029 ἄνθρω-

150 1065 276 1116 πος,
326 1047 407 1101 ὅτι
457 1048 679 1110 δικαίως
725 1045 825 1116 μὲν
880 1045 1045 1101 οὐδὲν
1092 1049 1346 1117 βούλεται
1397 1051 1533 1118 πρός
1571 1067 1635 1117 με
1674 1048 1834 1117 πράτ-

151 1156 284 1205 τειν,
324 1135 718 1206 ἀποστερήσειν
766 1134 816 1189 δ’
864 1142 1032 1190 οἰέται
1080 1136 1113 1190 ἀ
1159 1139 1420 1206 προσήκει
1469 1135 1589 1205 ἐμοὶ
1628 1139 1837 1204 λαβεῖν,

151 1224 451 1295 προφάσεις
490 1223 666 1292 λέγων
705 1223 794 1277 καὶ
829 1224 1137 1293 ἐγκλήματα
1171 1224 1434 1292 ἐγκαλῶν,
1474 1224 1568 1287 τὰς
1607 1220 1668 1294 δε
1707 1238 1835 1277 συν-

152 1315 354 1382 θήκας,
407 1314 471 1375 ας
519 1315 659 1381 φησί
708 1332 773 1381 με
823 1311 1293 1419 παραβεβηκέναι,
1349 1313 1449 1392 οὐκ
1503 1310 1661 1384 ᾠήθη
1718 1313 1835 1365 δεῖν

152 1401 291 1470 ὑμᾶς
330 1399 583 1464 ἀκοῦσαι;
633 1399 737 1468 ἐγὼ
780 1397 840 1453 δε
879 1404 999 1454 τότε
1039 1422 1140 1470 μεν
1189 1401 1440 1455 ἐναντίον
1487 1410 1596 1453 τῶν
1635 1402 1836 1471 μαρτύ-

151 1508 266 1559 ρων
303 1498 414 1542 τῶν
451 1486 914 1557 παραγενομένων
953 1490 1438 1559 προύκαλεσάμην,
1477 1488 1607 1542 νυνὶ
1647 1486 1707 1542 δὲ
1744 1488 1836 1542 καὶ

150 1576 306 1646 ὑμῶν
345 1576 598 1630 ἐναντίον
638 1586 747 1630 τῶν
788 1578 1059 1630 δικαστῶν
1099 1579 1264 1631 πάλιν
1303 1582 1707 1648 προκαλοῦμαι,
1745 1576 1835 1630 καὶ

152 1664 282 1729 ἀξιῶ
329 1674 634 1734 συγχωρεῖν
681 1665 850 1718 αὐτὸν
900 1664 989 1718 καὶ
1038 1665 1143 1733 ε’γὼ
1192 1675 1456 1736 συγχωρῶ
1505 1665 1836 1735 ἀνοιχθῆναι

150 1754 244 1816 τὰς
282 1754 564 1822 συνθήκας
604 1751 834 1806 ἐνταυθὶ
874 1752 962 1806 ἐπὶ
994 1762 1093 1807 τοῦ
1128 1755 1504 1824 δικαστηρίου,
1545 1753 1632 1807 καὶ
1674 1753 1836 1807 ἀκοῦ-

153 1854 244 1895 σαι
303 1841 468 1910 ὑμᾶς,
537 1839 627 1893 καὶ
689 1842 854 1894 πάλιν
926 1848 1279 1912 σημανθῆναι
1350 1842 1612 1896 ἐναντίον
1665 1842 1835 1911 ὑμῶν.

85 1944 127 1976 51
145 1926 560 2000 Ἀνδροκλείδης
593 1927 642 1981 δ’
680 1929 868 1983 οὑτοσὶ
900 1931 1185 2001 πάρεστιν·
1220 1931 1325 2000 ἐγὼ
1358 1932 1461 2001 γὰρ
1496 1931 1640 2003 αὐτῷ
1676 1930 1837 1999 ἐπήγ-

35 2012 52 2016 “
151 2022 306 2087 γειλα
358 2018 511 2086 ήκειν
565 2019 745 2087 ἔχοντι
799 2039 892 2081 τας
948 2021 1245 2087 συνθήκας.
1331 2017 1421 2072 καὶ
1477 2027 1741 2088 συγχωρῶ
1794 2024 1835 2070 ω

152 2106 349 2175 ἄνδρες
387 2102 635 2157 δικασταὶ
676 2104 735 2157 ἐν
767 2113 839 2177 τῷ
881 2107 1080 2159 τούτου
1121 2109 1266 2179 λόγω
1305 2107 1338 2175 ἢ
1380 2107 1439 2160 ἐν
1478 2114 1550 2178 τῷ
1590 2105 1835 2178 προτέρω

151 2182 185 2262 ἦ
226 2191 284 2246 ἑν
323 2199 397 2264 τῷ
438 2190 648 2264 ὑστέρῳ
689 2192 1041 2263 ἀνοιχθῆναι·
1091 2192 1257 2247 οὐδὲν
1296 2195 1398 2263 γάρ
1440 2215 1532 2264 μοι
1573 2192 1835 2265 διαφέρει.

151 2268 292 2350 ὑμᾶς
344 2277 406 2333 δὲ
458 2281 727 2349 βούλομαι
782 2280 1013 2335 ἀκοῦσαι
1075 2282 1169 2345 τὰς
1231 2285 1513 2352 συνθήκας
1565 2279 1656 2335 καὶ
1709 2283 1837 2343 τοὺς

153 2365 374 2439 ὅρκους,
421 2368 517 2430 οὓς
564 2368 853 2438 ὠμόσαμεν
900 2369 1156 2438 ἀλλήλοις
1196 2370 1300 2439 ἐγὼ
1339 2370 1429 2425 καὶ
1464 2370 1836 2439 Ὀλυμπιόδω-

153 2476 249 2528 ρος
294 2456 498 2510 οὑτοσί.
572 2454 661 2509 καὶ
713 2459 764 2509 εί
812 2454 911 2525 μὲν
965 2468 1261 2527 συγχωρεῖ,
1317 2461 1452 2512 ἔστω
1503 2468 1699 2532 ταῦτα,
1746 2457 1835 2512 καὶ

151 2545 307 2614 ὑμεῖς
355 2543 609 2610 ἀκούετε,
657 2544 879 2597 ἐπειδὰν
926 2547 1101 2618 τούτῳ
1150 2547 1308 2615 δοκῇ·
1351 2546 1446 2599 ἐὰν
1488 2543 1548 2599 δὲ
1585 2547 1659 2615 μὴ
1697 2545 1837 2617 θέλῃ

153 2641 320 2686 ταῦτα
357 2619 557 2701 ποιεῖν,
597 2632 697 2685 οὐκ
735 2634 839 2701 ἤδη
887 2634 1202 2702 καταφανὴς
1250 2636 1397 2686 ἔσται
1438 2631 1479 2687 ὦ
1521 2635 1718 2704 ἄνδρες
1757 2637 1837 2688 δι-

152 2722 364 2789 κασταί,
395 2720 478 2774 ὅτι
509 2720 1182 2796 ἀναισχυντότατόςιέστιν
1215 2721 1528 2791 ἀνθρώπων
1562 2713 1837 2789 ἁπάντων,

152 2807 246 2862 καὶ
291 2809 512 2871 δικαίως
558 2806 680 2862 οὐδ’
736 2808 804 2863 ἂν
860 2809 1049 2864 ὁτιοῦν
1104 2796 1467 2884 ἀποδέχοισθε
1521 2811 1720 2878 τούτου
1766 2811 1839 2874 ὡς

158 2894 320 2966 ὑγιές»
340 2915 393 2950 τι
433 2894 711 2965 λέγοντος;
