2035 3158
653 172 817 214 ΠΡΟΣ
847 172 1211 216 ΦΑΙΝΙΠΠΟΝ.
1709 175 1779 226 15

89 305 210 361 σταὶ
236 310 329 371 »τίς
369 306 470 361 οὐκ
509 291 666 360 οἶδεν·
699 305 875 374 ὑμῶν,
914 304 996 358 ὅτι
1037 305 1239 374 ὁμοίως
1267 307 1301 375 ἥ
1335 304 1382 360 τ’
1423 307 1482 361 ἐν
1513 316 1586 380 τῷ
1620 311 1775 382 νόμῳ

89 393 433 466 γεγραμμένη
472 397 634 461 κυρία
673 392 823 447 ἐστὶν
862 392 1054 464 ἡμέρα,
1091 393 1182 447 καὶ
1214 393 1246 462 ἡ
1281 394 1387 448 ὑπὸ
1419 405 1529 448 τῶν
1568 395 1773 450 ἀντιδί-

87 490 201 537 κων
253 488 695 554 συγχωρηθεῖσας
747 482 1010 545 πολλάκις
1059 483 1163 553 γὰρ
1216 484 1276 536 ἕν
1326 502 1381 536 τε
1433 493 1545 546 τοῖς
1582 486 1773 553 νόμοις

90 569 462 641 γεγραμμένης
514 578 833 641 τριακοστῆς
894 568 1095 641 ἡμέρας
1157 569 1346 640 ἑτέραν
1400 570 1531 640 ἡμῖν
1587 572 1773 635 αὐτοῖς

89 649 538 729 συγχωρήσαντες
576 658 839 728 ἐθέμεθα,
877 659 1023 727 παρά
1061 677 1117 712 τε
1157 668 1272 722 ταῖς
1313 658 1502 729 ἀρχαῖς
1541 657 1772 723 ἁπάσαις

86 745 175 800 καὶ
214 747 370 810 δίκας
405 745 496 800 καὶ
536 750 739 817 κρίσεις
786 746 1188 815 ἀναβάλλονται
1227 756 1341 809 τοῖς
1380 746 1680 811 ἀντιδίκοις
1707 750 1775 802 ὀἱ

85 837 345 905 ἄρχοντες
384 836 861 906 συγχωρησάντων
901 836 1125 889 ἐκείνων
1165 834 1446 905 ἀλλήλοις·
1487 831 1565 889 ὧν
1604 841 1660 890 εἴ
1690 857 1771 900 τις

85 923 291 993 ἄκυρον
335 923 599 993 ἡγήσαιτο
651 925 770 978 δεῖν
817 921 956 977 εἶναι
1005 925 1103 992 τὴν
1150 926 1285 992 πρὸς
1331 923 1604 992 ἀλλήλους
1643 925 1770 994 ὁμο-

81 1015 311 1080 λογίαν,
361 1011 633 1081 μισήσαιτ’
681 1012 750 1066 ἂν
800 1013 969 1066 αὐτὸν
1022 1013 1093 1074 ὡς
1147 1013 1557 1081 ὑπερβάλλοντα
1610 1028 1772 1067 συκο-

22 1117 58 1146 Η
86 1104 301 1172 ααντίᾳ.
378 1104 687 1164 Φαίνιππος
736 1104 957 1168 τοίνυν,
1008 1101 1188 1170 ὥσπερ
1241 1109 1337 1154 τοῦ
1390 1103 1566 1169 νόμον
1605 1116 1772 1171 προσ-

77 1188 369 1251 τάττοντος
422 1186 594 1259 μηδὲν
646 1199 826 1242 ποιεῖν
882 1184 959 1241 ὧν
1014 1188 1082 1242 ἂν
1139 1189 1450 1260 ὁμολογήσῃ
1507 1210 1611 1257 τις,
1675 1187 1766 1242 ἀπ’

85 1275 292 1346 ἐκείνης
341 1283 434 1345 τῆς
483 1276 715 1347 ἡμέρας,
766 1275 858 1346 ἀφ’
917 1273 979 1345 ἧς
1030 1277 1384 1346 ὡμολόγησεν
1436 1278 1527 1330 ἐπί
1573 1295 1626 1330 τε
1677 1279 1782 1341 τὰς.

85 1366 360 1428 διαλύσεις
413 1364 823 1434 ἀπαντήσεσθαι
885 1364 975 1418 καὶ
1038 1366 1136 1433 τὴν
1192 1360 1489 1435 ἀπόφασίν
1524 1386 1614 1434 μοι
1671 1367 1773 1435 τὴν

84 1453 252 1506 αὑτοῦ
285 1454 484 1506 δώσειν
516 1452 606 1506 καὶ
637 1455 739 1523 τὴν
769 1450 895 1518 παρ’
929 1453 1064 1522 ε’μοῦ
1097 1455 1390 1522 λήψεσθαι,
1423 1453 1762 1507 οὐδεπώποτ’

83 1540 413 1610 ἀπήντησεν·
466 1540 583 1594 ἀλλ’
644 1541 748 1610 ἐγὼ
809 1538 908 1611 μὲν
967 1541 1153 1611 ἐπειδὴ
1212 1551 1410 1596 τοῦτον
1463 1540 1650 1612 ἑώρων
1702 1542 1772 1596 οὐ

82 1627 419 1699 προσέχοντά
473 1649 565 1698 μοι
618 1631 715 1683 τὸν
769 1638 908 1683 νοῦν
960 1626 1090 1682 οὐδὲ
1142 1639 1254 1692 τοῖς
1308 1632 1527 1698 νόμοις,
1582 1632 1660 1691 εἰς
1709 1634 1770 1684 τὸ

82 1703 408 1788 στρατήγιον
457 1719 632 1770 ἔδωκα
679 1718 779 1786 τὴν
826 1716 1130 1786 ἀπόφασιν,
1178 1714 1338 1779 οὗτος
1386 1714 1464 1787 δ’,
1506 1719 1639 1788 ὅπερ
1679 1718 1768 1772 καὶ

82 1813 255 1878 μικρῷ
295 1807 563 1875 πρότερον
604 1802 780 1874 εἷπον,
819 1807 1010 1875 πρώην
1052 1804 1223 1858 ἔδωκε’
1259 1827 1350 1874 μοι
1390 1809 1637 1877 βιβλίον,
1678 1808 1770 1861 οὐ-

82 1892 178 1949 δὲν
231 1888 381 1948 ἄλλο
419 1897 781 1963 βουλόμενος,
839 1893 869 1963 ἢ
922 1895 1106 1947 δοκεῖν
1161 1892 1262 1963 μὲν
1318 1894 1614 1948 δεδωκέναι
1670 1897 1773 1964 τὴν

81 1983 387 2053 ἀπόφασιν,
433 1983 506 2052 μὴ
555 1985 698 2052 ἔχειν
746 1980 811 2035 δέ
846 2001 910 2051 με
950 1993 1063 2045 τοῖς
1104 1983 1162 2036 ἐν
1202 1983 1336 2053 αὐτῇ
1377 1981 1780 2053 γεγραμμένοις

911 2067 932 2076 a-

21 2071 112 2124 156
166 2092 218 2125 τι
271 2074 552 2142 χρήσομαι.
632 2073 734 2141 χρὴ
791 2069 843 2124 δ’
898 2077 940 2124 ὠ
997 2073 1194 2140 ἄνδρες
1243 2071 1489 2125 δικασταὶ
1538 2074 1610 2141 μὴ
1658 2083 1770 2134 τοῖς

1795 757 1911 796 1013

83 2158 439 2231 ἰσχυροτέραν
479 2163 762 2229 νομίζουσι
812 2170 921 2213 τῶν
968 2163 1169 2230 νόμων
1205 2154 1310 2229 τὴν
1352 2160 1533 2213 αὑτῶν
1572 2162 1776 2229 βδελυ·

83 2251 208 2316 ρίαν
254 2244 421 2316 εἶναι,
468 2247 634 2302 πλέον
681 2250 895 2311 τούτοις
941 2257 1038 2302 τοῦ
1087 2251 1304 2302 δικαίου
1355 2247 1561 2317 νέμειν·
1611 2252 1664 2304 εί
1707 2248 1766 2303 δὲ

82 2336 175 2404 μὴ,
212 2339 449 2398 πολλοὺς
486 2338 736 2404 ποιήσετε
783 2339 910 2399 τοὺς
959 2341 1367 2405 καταγελῶντας
1406 2347 1515 2390 τῶν
1557 2338 1616 2391 ἐν
1656 2348 1778 2400 τοῖς·

80 2425 272 2493 νόμοις
319 2425 546 2477 δικαίων
592 2423 1003 2493 γεγραμμένων·
1060 2423 1177 2477 ἀλλ’
1233 2424 1461 2489 ἐκείνοις
1516 2429 1776 2495 βοηθεῖν,

71 2513 279 2575 ·οῗτινες
308 2511 388 2565 ἂν
409 2513 524 2580 -τὴν
554 2520 665 2564 τῶν
696 2514 1111 2581 νόμων-’φωνὴν
1143 2512 1415 2581 ὑμετέραν
1441 2510 1581 2566 εἶναι
1618 2519 1767 2583 νομί-

84 2603 230 2668 ζωσι,
268 2598 358 2653 καὶ
397 2601 496 2669 τὴν
535 2597 743 2668 ἡμέραν
776 2601 998 2669 ταύτην,
1036 2602 1137 2670 τὴν
1177 2604 1253 2662 εἰς
1293 2603 1352 2655 τὸ
1394 2602 1773 2672 δικαστήριον,

82 2685 217 2757 ὑπὲρ
256 2697 366 2742 τῶν
404 2686 753 2757 ἠδικημένων
800 2684 941 2741 εἶναι
991 2691 1324 2757 [νομίζωσι].,
1373 2692 1444 2759 μὴ
1494 2699 1601 2743 τῶν
1649 2690 1764 2759 ἠδι-

20 2793 58 2824 16
81 2778 342 2846 κηκότων.
413 2774 534 2844 λέγε
582 2785 690 2829 τῶν
737 2775 933 2844 ἀρτίως
979 2776 1281 2845 εἰρημένων
1331 2778 1423 2841 τὰς
1467 2782 1773 2848 μαρτυρίας

77 2862 170 2918 ’καὶ
207 2866 336 2928 τοὺς
373 2866 590 2932 νόμους.
