2035 3158
501 150 902 211 ΚΑΤΑῈΥΕΡΓ.
935 167 1038 209 ΚΑΙ
1067 168 1316 210 ΜΝΗΣῑΒ.
1349 166 1533 208 mmm.
1770 166 1874 214 119

189 318 255 368 με
292 303 626 353 καταλιπεῖν.
689 298 1039 366 ἀριστώντων
1080 296 1141 353 δὲ
1183 298 1244 353 ἐν
1283 306 1345 369 τῇ
1388 299 1545 369 αὐλῇ,
1587 299 1659 361 ὡς
1699 297 1876 351 ἐπεισ-

189 387 437 457 πηδῶσιν
481 383 634 441 οὗτοι
674 385 766 441 καὶ
812 388 1329 457 καταλαμβάνουσιν
1370 387 1537 449 αὐτὰς
1573 384 1663 439 καὶ
1703 386 1875 454 η’ρπαῳ

194 477 286 540 ζον
322 475 387 529 τὰ
427 476 613 544 σκεύη,
652 476 713 528 αῖ
746 472 847 544 μὲν
880 476 1039 528 ἄλλαι
1070 475 1405 545 θεράπαιναι
1447 473 1530 544 (ἐν
1568 481 1641 546 τῷ
1683 474 1876 545 πύργῳ

194 563 298 632 γὰρ
348 558 524 632 ἦσαν,
585 559 763 632 οὗπερ·
791 561 1151 638 διαιτῶνται)
1200 563 1272 625 ὡς
1325 565 1571 631 ἤκουσαν
1619 569 1878 631 κραυγῆς,

126 672 167 704 5⁸1
191 653 436 704 κλείουσι
472 651 570 704 τὸν
608 652 850 720 πύργον,
900 649 990 703 καὶ
1032 650 1275 704 ἐνταῦθα
1315 647 1415 718 μὲν
1456 650 1555 704 οὐκ
1594 652 1878 718 εἰσῆλθον,

190 738 257 792 τὰ
288 737 338 792 δ’
369 737 428 791 ἐκ
456 745 551 807 τῆς
582 739 749 808 ἄλλης
781 741 956 802 οἰκίας
988 738 1247 809 ἐξέφερον
1281 740 1466 808 σκεύη,
1505 738 1879 808 ἀπαγορευού-

191 840 291 896 σης
335 834 430 894 τῆς
475 829 737 896 γυναικὸς
783 828 856 896 μὴ
904 828 1175 880 ἅπτεσθαι
1215 826 1430 895 αὐτοῖς,
1475 825 1566 880 καὶ
1614 827 1880 896 λεγούσης

192 914 276 968 ὅτι
329 915 495 985 αὐτῆς
547 920 631 984 εἴη
688 915 747 968 ἐν
797 923 860 985 τῇ
907 914 1092 986 προικὶ
1143 914 1469 984 τετιμημένα
1515 912 1606 968 καὶ
1657 914 1740 967 ὅτι
1788 913 1879 967 ’τὰ

190 1005 436 1072 πρόβατα
476 1004 619 1073 ἔχετε
653 1005 991 1072 πεντήκοντα
1030 1002 1120 1056 καὶ
1158 1005 1255 1057 τὸν
1287 1005 1456 1056 παῖδα
1495 1002 1585 1056 καὶ
1624 1004 1721 1056 τὸν
1760 1020 1876 1055 ποι-

190 1090 348 1161 μένα,
385 1094 641 1155 πλείονος
671 1091 794 1156 ἄξια
826 1091 859 1160 ἢ
892 1092 1381 1145 κατεδικάσασθε·’
1444 1090 1735 1161 ἀπήγγειλε
1775 1091 1878 1159 γάρ

190 1198 272 1243 τις
302 1179 492 1242 αὐταῖς
523 1189 633 1233 τῶν
666 1183 932 1248 γειτόνων
964 1182 1138 1244 κόψας
1169 1181 1269 1249 τὴν
1299 1181 1501 1249 θύραν.
1565 1182 1642 1232 ἔτι
1675 1176 1735 1232 δὲ
1776 1182 1877 1248 ἔφη

190 1269 253 1322 τὸ
304 1267 573 1339 ἀργύριον
628 1268 816 1331 αὐτοῖς
866 1271 1119 1337 κείμενον
1172 1265 1315 1321 εἶναι
1367 1266 1454 1321 ἐπὶ
1504 1275 1567 1338 τῇ
1623 1266 1877 1337 τραπέζῃ·

191 1356 414 1425 ἠκηκόει
452 1357 556 1426 γὰρ
591 1355 745 1424 ἐμοῦ·
788 1355 918 1409 (κᾶν
949 1356 1342 1425 περιμείνητε’,
1383 1359 1504 1425 ἔφη,
1547 1355 1605 1424 “ἣ
1644 1353 1877 1425 μετέλθῃ

192 1463 274 1507 τις
311 1443 468 1513 ὑμῶν
507 1443 707 1511 αὐτόν,
760 1446 974 1514 ἔχοντες
1023 1445 1176 1497 ἄπιτε
1222 1446 1283 1498 τὸ
1336 1443 1603 1513 ἀργύριον
1643 1444 1774 1511 ἤδη·
1815 1444 1877 1495 τὰ

193 1529 254 1586 δὲ
293 1533 460 1600 σκεύη
500 1531 638 1600 ἐᾶτε,
682 1531 772 1585 καὶ
811 1529 984 1601 μηδὲν
1023 1542 1132 1585 τῶν
1174 1531 1319 1600 ἐμῶν
1360 1530 1569 1601 φέρετε,
1608 1533 1784 1594 ἄλλως
1822 1550 1878 1584 τε

128 1618 284 1675 εεκαὶ
323 1622 538 1690 ἔχοντες
583 1619 706 1683 ἄξια
753 1628 846 1688 τῆς
892 1620 1229 1688 καταδίκηςῖ
1306 1629 1476 1673 ταῦτα
1517 1616 1576 1673 δὲ
1618 1620 1882 1688 λεγούσης

192 1716 288 1777 τῆς
326 1709 585 1777 γυναικὸς
625 1708 724 1777 οὐχ
766 1708 910 1770 ὅπως
952 1707 1208 1778 ἐπέσχον,
1256 1707 1393 1760 ἀλλὰ
1431 1706 1522 1760 καὶ
1561 1715 1654 1775 τῆς
1691 1713 1882 1775 τιτθῆς

192 1799 254 1851 τὸ
293 1796 530 1866 κυμβίον
563 1797 839 1865 λαβούσης
870 1800 1274 1865 παρακείμενον
1315 1796 1470 1865 αὐτῇ,
1511 1795 1562 1860 ἐξ
1604 1792 1672 1849 οὗ
1712 1798 1882 1863 ἔπινε,

193 1883 285 1938 καὶ
323 1882 622 1953 ἐνθεμένης
660 1886 736 1946 εἰς
774 1885 872 1937 τὸν
911 1886 1146 1952 κόλπον,
1194 1885 1285 1937 ἵνα
1333 1886 1404 1953 μὴ
1445 1880 1599 1938 οὗτοι
1639 1884 1882 1953 λάβοιεν,

195 1973 382 2042 ἐπειδὴ
437 1969 584 2026 εἶδεν
640 1973 805 2026 ἔνδον
861 1974 1021 2034 ὄντας
1068 1973 1294 2041 αὐτούς,
1342 1974 1655 2035 κατιδόντες
1708 1972 1881 2041 αὐτὴν

194 2062 337 2116 οὕτω
369 2060 630 2114 διέθεσαν
663 2060 1063 2130 ἀφαιρούμενοι
1102 2062 1161 2115 τὸ
1194 2064 1430 2130 κυμβίον
1465 2063 1753 2130 Θεόφημος
1791 2059 1882 2114 καὶ
1902 2079 2012 2118 1157

130 2151 441 2220 ωΕὔεργος
487 2148 723 2219 ἁδελφὸς
771 2150 942 2202 αὐτοῦ
983 2149 1201 2217 οὑτοσί,
1244 2150 1377 2202 ὥστε
1417 2149 1650 2219 ὕφαιμοι
1689 2146 1790 2218 μὲν
1830 2149 1888 2202 οἱ

196 2240 484 2308 βραχίονες
530 2235 622 2290 καὶ
669 2237 727 2290 oc
768 2235 966 2307 καρποὶ
1015 2246 1125 2289 τῶν
1172 2247 1371 2307 χειρῶν
1421 2237 1588 2306 αὐτῆς
1626 2236 1881 2306 ἐγένοντο

176 2324 676 2396 ,ἀποστρεφομένης
725 2326 798 2378 τὼ
850 2336 994 2395 χεῖρε
1046 2324 1136 2378 καὶ
1185 2324 1479 2395 ἑλκομένης
1523 2326 1631 2379 ὑπὸ
1670 2326 1882 2379 τούτων

195 2412 622 2484 ἀφαιρουμένων
661 2415 721 2467 τὸ
762 2417 1024 2483 κυμβιόν,
1074 2414 1282 2485 ἀμυχὰς
1324 2411 1372 2468 δ’
1420 2414 1479 2467 ἐν
1518 2420 1592 2486 τῷ
1631 2416 1881 2487 τραχήλῳ

195 2498 341 2572 εἶχεν
392 2500 698 2572 ἀγχομένη,
752 2504 944 2556 πελιὸν
992 2499 1053 2555 δὲ
1099 2504 1160 2556 τὸ
1210 2507 1427 2571 στῆθος.
1498 2504 1575 2565 είς
1620 2511 1781 2556 τοῦτο
1822 2500 1875 2555 δ’

194 2585 376 2659 ἦλθον
414 2593 711 2661 πονηρίας,
758 2590 922 2659 ὥστε,
969 2589 1075 2653 ’ἕως
1115 2590 1408 2660 ἀφείλοντο
1447 2591 1508 2643 τὸ
1548 2594 1784 2659 κυμβίον
1825 2590 1883 2644 ἐκ

195 2685 296 2732 τοῦ
347 2680 556 2731 κόλπου
604 2677 796 2746 αὐτῆς,
844 2677 944 2731 οὐκ
997 2677 1304 2732 ἐπαύσαντο
1357 2680 1615 2748 ἄγχοντες
1661 2676 1752 2731 καὶ
1791 2680 1882 2731 τύ-

130 2775 430 2828 οοπτοντες
457 2766 559 2834 τὴν
598 2773 791 2836 γραῦν.
870 2764 1161 2828 ἀκούοντες
1202 2762 1261 2819 δὲ
1303 2767 1362 2819 οὗ
1394 2765 1734 2835 θεράποντες
1771 2776 1882 2819 τῶν

196 2855 463 2922 γειτόνων
491 2862 587 2923 τῆς
617 2862 859 2923 κραυγῆς
889 2852 978 2907 καὶ
1012 2854 1246 2924 ὁρῶντες
1283 2855 1383 2923 τὴν
1421 2857 1598 2908 οἰκίαν
1637 2859 1882 2924 πορθου-

196 2940 369 3011 μένην
406 2943 509 3011 τὴν
555 2941 717 3011 ἐμήν,
764 2942 824 2996 oc
857 2938 957 3011 μὲν
1006 2941 1109 2996 ἀπὸ
1162 2951 1270 2995 τῶν
1310 2952 1496 3010 τεγῶν»
1521 2951 1632 2995 τῶν
1673 2940 1881 2995 ἑαυτῶν
