2035 3158
63 1171 102 1202 14

68 2050 108 2082 15

70 2492 108 2522 16

124 143 193 194 72
631 145 766 189 XLV.
805 141 1267 185 ΔΗΜΟΣΘΕΝΟΥΣ

122 276 443 347 τυρημεἰ’ων
487 273 551 345 ἦν
584 275 738 329 τάκεῖ
764 273 1129 343 γεγραμμένα,
1167 266 1444 343 μάρτυρας
1482 272 1654 334 εὐθὺς
1690 281 1800 325 τῶν

122 368 552 434 περιεστηκότων
600 365 838 425 πολλοὺς
884 362 1275 431 ποιησάμενος,
1320 363 1589 433 τεκμηρίῳ
1626 360 1802 431 τούτῳ

124 452 213 506 καὶ
250 452 374 522 περὶ
405 462 514 505 τῶν
547 452 749 519 ἄλλων,
790 451 862 512 ὡς
893 450 1403 513 κατασκευάζουσιν.
1444 448 1715 518 ἐχρώμην·
1754 449 1807 499 εί

124 538 185 594 δὲ
231 538 381 593 ταῦτ’
429 539 585 607 ἐνῆν,
632 540 728 592 τὸν
775 535 1104 606 παρασχόντ’
1151 536 1318 590 αὐτὸν
1368 535 1557 604 ἠξίουν
1602 551 1804 605 μαρτυ-

124 639 256 696 ρεῖν.
321 628 684 695 ἐθελήσαντος
716 625 815 694 μέν
848 623 896 692 γ’
935 625 1256 677 ὑπεύθυνον
1298 623 1627 692 ἐλάμβανον,
1665 624 1717 676 εἰ
1745 618 1798 675 δ’

125 720 386 786 ἔφευγεν,
431 716 596 767 πάλιν
649 715 780 766 αὐτὸ
828 710 987 766 τοῦθ’
1036 714 1225 765 ἰκανὸν
1273 714 1564 781 τεκμήριον
1601 708 1671 780 ἦν
1711 731 1800 780 μοι

124 813 223 858 τοῦ
254 805 563 856 πεπλάσθαι
598 804 658 856 τὸ
689 810 924 871 πρᾶγμα.
987 799 1077 853 καὶ
1113 802 1180 869 δὴ
1207 799 1293 853 καὶ
1321 799 1645 869 συνέβαινεν
1669 799 1804 853 ἐκεί-

126 913 233 954 νως
286 889 385 960 μὲν
441 888 517 944 ἔν’
578 887 750 955 εἶναι,
803 892 939 958 πρὸς
997 889 1061 941 ὃν
1109 890 1171 941 τὰ
1230 887 1497 957 πράγματ’
1561 887 1805 957 ἐγίγνετό

125 999 237 1046 μοι,
277 980 348 1041 ὡς
389 976 439 1031 δ’
486 974 638 1031 οὗτοι
671 978 1133 1046 μεμαρτυρήκασι,
1171 979 1306 1044 πρὸς
1345 978 1594 1039 πολλούς.
1659 978 1808 1029 ἔστιν

127 1063 229 1120 οὗν
262 1067 408 1128 ὅστις
440 1066 507 1119 ἂν
539 1066 694 1134 ὑμῶν
727 1062 889 1118 ταῦθ’
927 1066 1122 1127 εἰ’λετο;
1158 1056 1263 1132 ’ἐγὼ
1297 1061 1396 1133 μὲν
1429 1061 1612 1118 οὐδέν’
1641 1063 1805 1133 ἡγοῦ-

127 1174 238 1223 μαι.
301 1154 367 1207 οὐ
399 1157 588 1207 τοίνυν
621 1150 751 1206 οὐδὲ
784 1151 897 1204 κατ’
930 1154 1100 1205 ἄλλου
1133 1152 1406 1204 πιστεύειν
1441 1147 1558 1204 ἐστὲ
1591 1152 1806 1205 δίκαιοι.

127 1239 216 1294 καὶ
248 1242 350 1310 γὰρ
384 1237 425 1293 ὦ
458 1242 656 1309 ἄνδρες
689 1237 993 1308 Ἀθηναῖοι,
1034 1240 1182 1301 ὅσοις
1214 1236 1314 1307 μὲν
1345 1242 1637 1307 πρόσεστιν
1671 1240 1806 1309 ὀργὴ

127 1339 235 1382 τῶν
281 1329 668 1397 πραττομένων
715 1328 747 1396 ἢ
795 1328 977 1396 λῆμμά
1025 1348 1072 1380 τι
1126 1326 1355 1395 κέρδους
1394 1326 1426 1396 ἢ
1464 1326 1810 1396 παροξυσμὸς

130 1417 160 1485 ἢ
199 1420 504 1486 φιλονικία,
545 1425 712 1469 ταῦτα
753 1413 853 1484 μὲν
892 1417 1056 1477 ἄλλος
1095 1414 1162 1467 ἂν
1203 1416 1380 1476 ἄλλως
1418 1415 1634 1483 πράξειε
1673 1416 1810 1485 πρὸς

128 1507 223 1558 τὸν
265 1505 434 1558 αὑτοῦ
481 1507 707 1573 τρόπον·
749 1504 899 1566 ὅσοις
945 1500 1005 1556 δὲ
1048 1504 1257 1556 τούτων
1290 1500 1390 1571 μὲν
1431 1502 1622 1572 μηδέν,
1661 1508 1808 1572 λογι-

129 1595 262 1662 σμὸς
287 1589 335 1645 δ”
368 1589 452 1661 ἐφ’
491 1593 718 1662 ἡσυχίας
749 1600 847 1645 τοῦ
881 1592 1276 1660 συμφέροντος,
1308 1594 1388 1653 τίς
1420 1591 1593 1654 οὕτως
1617 1592 1809 1661 ἄφρων

129 1681 275 1743 ὅστις
324 1680 392 1733 ἂν
438 1681 502 1732 τὰ
551 1677 860 1732 συνοίσοντ’
909 1679 1087 1747 ἀφείς,
1135 1679 1188 1742 ἐξ
1230 1674 1306 1731 ὧν
1349 1679 1539 1732 κάκιον
1578 1681 1809 1748 ἤμελλεν

129 1769 518 1838 ἀγωνιεῖσθαι,
568 1765 720 1821 ταῦτ’
769 1767 1018 1837 ἐ’πραξεν;
1078 1767 1110 1820 ἃ
1160 1768 1261 1835 γὰρ
1310 1764 1424 1821 οὔτ’
1483 1764 1644 1821 εἰκότ’
1690 1764 1803 1821 οὔτ’
1829 1785 1939 1824 11οε

128 1855 309 1925 εὔλογ’
356 1853 471 1910 οὔτ’
520 1855 588 1908 ἂν
637 1853 823 1923 ἔπραξ’
871 1853 1000 1908 οὐδὲ
1054 1848 1155 1923 εἷς,
1207 1853 1366 1908 ταῦθ’
1416 1851 1569 1909 οὗτοι
1609 1875 1809 1925 μεμαρ-

129 1947 428 2014 τυρήκασιν
466 1942 590 2012 περὶ
629 1943 798 2012 ἡμῶν.

2001 1775 2035 2082 ..auam-Qasr
2019 1740 2023 1742 ’

245 2034 327 2087 Οὐ
373 2036 564 2085 τοίνυν
613 2035 785 2100 μόνον
834 2032 886 2095 ἐξ
936 2027 1012 2084 ὧν
1061 2029 1151 2100 ἐμὲ
1203 2034 1276 2100 μὴ
1315 2031 1504 2084 θέλειν
1543 2034 1603 2085 τὸ
1643 2052 1811 2100 γραμ-

131 2133 351 2191 ματεῖον
392 2120 638 2188 ἀνοίγειν
679 2122 1148 2188 μεμαρτυρήκασι,
1188 2123 1346 2187 γνοίη
1388 2140 1466 2182 τις
1506 2119 1574 2172 ἂν
1613 2121 1815 2183 αὐτοὺς

131 2211 213 2264 ὅτι
252 2211 576 2276 ψεύδονται,
625 2208 761 2261 ἀλλὰ
810 2206 899 2260 καὶ
940 2207 998 2260 ἐκ
1037 2216 1135 2260 τοῦ
1174 2210 1477 2276 πρόκλησιν
1518 2207 1658 2276 ὁμοῦ
1699 2210 1788 2262 δια

130 2301 276 2369 θήκῃ
310 2306 620 2367 μαρτυρεῖν.
685 2293 834 2365 οἶμαι
876 2297 977 2364 γὰρ
1011 2296 1253 2357 ἅπαντας
1291 2296 1430 2364 ὑμᾶς
1469 2295 1692 2364 εἰδέναι,
1731 2297 1815 2350 ὅτι

133 2387 234 2439 ὅσα
280 2387 352 2455 μὴ
401 2386 640 2438 δυνατὸν
690 2387 824 2453 πρὸς
867 2385 1008 2453 ὑμᾶς
1046 2383 1272 2451 ἀγαγεῖν
1314 2376 1425 2437 ἐστι
1465 2395 1573 2438 τῶν
1613 2404 1814 2455 πεπρα-

135 2473 368 2543 γμένων,
399 2474 610 2527 τούτων
633 2475 957 2542 προκλήσεις
982 2471 1308 2540 εὑρέθησαν.
1357 2465 1479 2526 οἷον
1502 2476 1814 2541 βασανίζειν

2031 2511 2035 2534 ....
2033 2494 2035 2498 .
2030 2477 2035 2486 .
2029 2448 2035 2469 =-
2028 2365 2035 2431 ,-=„-
2024 2125 2035 2358 ..ᾉΑΛ-..Αιιη-ᾳῳ.
2031 2090 2035 2117 μ-

135 2563 232 2616 οὐκ
280 2565 426 2615 ἔστιν
474 2562 725 2615 ἐναντίον
775 2561 951 2629 ὑμῶν·
1008 2560 1215 2628 ἀνάγκη
1264 2561 1462 2614 τούτου
1512 2562 1814 2630 πρόκλησιν

134 2648 288 2704 εἶναι.
351 2643 472 2704 οἷον
526 2656 581 2703 εἴ
628 2670 677 2702 τι
727 2647 1025 2714 πέπρακται
1073 2647 1160 2701 καὶ
1210 2646 1390 2716 γέγον’
1437 2648 1537 2712 ἔξω
1576 2667 1684 2702 που
1721 2657 1816 2718 τῆς

136 2740 339 2808 χώρας,
391 2737 597 2806 ἀνάγκη
645 2736 736 2790 καὶ
775 2739 972 2790 τούτου
1019 2739 1322 2805 πρόκλησιν
1370 2733 1541 2804 εἶναι,
1585 2740 1743 2790 πλεῖν
1780 2736 1813 2805 ἢ

135 2827 374 2894 βαδίζειν
422 2819 489 2878 οὗ
535 2827 594 2878 τὸ
643 2822 843 2894 πρᾶγμ’
892 2824 1161 2894 ἐπράχθη·
1210 2822 1297 2876 καὶ
1337 2833 1446 2876 τῶν
1485 2824 1668 2877 ἄλλων
1707 2833 1815 2877 τῶν

135 2914 413 2966 τοιούτων.
477 2913 615 2966 ὅπου
648 2910 698 2966 δ’
738 2913 874 2965 αὐτὰ
907 2912 970 2964 τὰ
1009 2908 1276 2980 πράγματ’
1317 2909 1401 2977 ἐφ’
1448 2911 1629 2965 αὑτῶν
1671 2915 1817 2965 ἔστιν
