2035 3158
96 1094 138 1126 Διὶ)

97 2588 140 2621 42

637 138 640 140 ’
727 161 890 202 ΠΡΟΣ
923 160 1276 204 ΠΟΛΤΚΛΕΑ.
1737 159 1842 212 175

164 292 303 344 άλλᾶ
341 294 779 360 πλεονεκτήματα
826 294 1051 362 τούτου,
1098 266 1366 361 ἀναγκαῖα
1407 291 1472 347 δέ
1505 312 1600 362 μοι
1638 291 1697 346 ἐκ
1734 302 1844 346 τῶν

96 392 140 423 8‘4-
163 381 473 448 παρόντων,
513 377 724 448 ἐπειδή
764 393 852 432 σοι
889 378 998 451 φῂς
1037 376 1079 432 ὦ
1112 382 1419 444 Πολύκλεις
1457 382 1553 435 τὸν
1591 381 1842 450 συντριή-
1867 403 1983 443 1-219

164 487 370 537 ραρχον
410 467 509 537 οὐχ
549 466 729 535 ἥκειν,
779 476 879 521 τοῦ
918 488 1018 537 μεν
1058 466 1681 539 ἐπιτετριηραρχημένου
1720 470 1843 537 χρό-

167 574 266 608 νου
313 554 524 608 ἐκεῖνον
572 553 678 622 ἐγὼ
726 555 999 624 πράξομαι
1049 555 1147 609 τάν
1153 554 1415 626 αλώματᾎ
1456 556 1524 609 ἂν
1577 556 1847 624 δύνωμαι,

163 651 273 695 τῶν
326 643 596 712 τεττάρων
649 652 866 711 μηνῶν·
923 645 991 697 σὺ
1048 640 1107 697 δὲ
1162 645 1497 714 παραλαβὼν
1549 645 1650 712 τὴν
1703 651 1846 697 ναῦν

163 740 383 800 πρῶτον
422 727 522 800 μὲν
569 731 667 783 τὸν
715 727 851 800 ὑπὲρ
893 740 1128 785 σεαυτοῦ
1175 735 1378 802 χρόνον
1425 733 1847 802 τριηράρχησον,

164 820 290 881 τοὺς
335 818 389 881 ἓξ
437 827 632 887 μῆνας”
681 817 843 872 ἔπειτ’
891 819 986 873 ἐὰν
1032 819 1133 889 μέν
1182 834 1270 873 σοι
1301 803 1455 891 ’ἔλθῃ
1502 820 1561 874 ἐν
1599 820 1776 893 τούτῳ
1816 819 1846 872 6

163 908 624 976 συντριήραρχος,
679 906 866 980 ἐκείνῳ
905 909 1248 976 παραδώσεις
1295 910 1701 979 λῃτουργήσας,
1751 906 1847 960 ἐὰν

162 991 224 1048 δὲ
267 994 373 1064 μὴ,
420 990 586 1047 οὐδὲν
635 995 822 1047 δεινὸν
868 998 1027 1065 πείσῃ
1079 996 1181 1048 δύο
1221 1003 1395 1064 μῆνας
1435 995 1847 1067 ἐπιτριηραρχή-

163 1096 275 1144 σας.
336 1080 369 1150 ἢ
417 1081 522 1149 ἐγὼ
569 1077 670 1150 μὲν
718 1082 748 1136 6
787 1084 885 1135 τόν
931 1102 986 1135 τε
1034 1079 1172 1152 ὑπὲρ
1220 1082 1460 1152 ἐμαυτοῦ
1505 1086 1710 1154 χρόνον
1755 1081 1846 1136 καὶ

162 1176 262 1223 τοῦ
286 1169 725 1239 συντριηράρχου
751 1172 1195 1240 λελῃτουργηκὼς
1220 1171 1683 1242 ἐπετριηράρχησα
1707 1168 1847 1240 ὑπὲρ

162 1258 353 1326 ὑμῶν,
407 1260 477 1311 σὺ
529 1255 576 1310 δ’
636 1254 802 1311 οὐδὲν
857 1257 1150 1326 ἀνηλωκὼς
1199 1258 1300 1313 οὐκ
1346 1258 1518 1323 ἀξιοῖς
1571 1257 1702 1313 οὐδὲ
1747 1262 1849 1313 τὸν

161 1342 299 1415 ὑπὲρ
339 1353 575 1398 σεαυτοῦ
621 1347 852 1415 χρόνον,
890 1347 1227 1415 παραλαβὼν
1266 1349 1365 1415 τὴν
1405 1355 1577 1417 ναῦν,
1616 1352 1846 1418 λῃτουρ-

164 1440 348 1502 γῆσαι,
385 1430 516 1486 οὐδὲ
554 1430 895 1502 τάναλώματ’
942 1432 1303 1498 άποδοῦναι;’
1344 1434 1599 1504 λέγοντος
1638 1434 1704 1490 δέ
1736 1456 1847 1506 μου

163 1529 350 1589 ταῦτα,
388 1519 718 1591 ἀπεκρίνατό
749 1540 843 1591 μοι
875 1521 957 1575 ὅτι
990 1522 1206 1590 μύθους
1238 1521 1465 1594 λέγοιμι.
1528 1524 1557 1578 6
1592 1520 1652 1577 δὲ
1684 1538 1847 1594 στρα-

163 1610 324 1677 τηγὸς
361 1607 643 1677 ἐμβαίνειν
681 1629 747 1678 με
788 1608 1036 1663 ἐκέλευεν
1086 1612 1164 1673 εἰς
1202 1612 1302 1680 τὴν
1342 1618 1483 1664 ναῦν
1522 1610 1612 1665 καὶ
1651 1610 1845 1680 ἀνάγε-

163 1701 297 1749 σθαι
350 1693 476 1765 μεθ’
534 1693 749 1750 ἑαυτοῦ.
829 1697 901 1760 ὡς
951 1693 1053 1751 οὖν
1103 1695 1255 1750 ταῦτ’
1301 1697 1661 1770 ἁπεκρίνατο,
1715 1699 1844 1754 ἀνά·

163 1786 349 1852 γνωθί
381 1802 475 1852 μοι
514 1784 616 1854 τὴν
653 1787 976 1855 μαρτυρίαν.

848 1946 1162 1989 MAPTTPIA.

273 2048 555 2118 Βούλομαι
595 2045 645 2102 δ’
692 2047 825 2118 ὑμῖν
864 2047 954 2102 καὶ
991 2053 1284 2120 τεκμήριόν
1324 2072 1373 2105 τι
1413 2054 1614 2122 εἰπεῖν,
1653 2051 1726 2106 ἵν’
1772 2054 1851 2106 εἰ·

163 2132 292 2204 δῆθ’
338 2136 422 2190 ὅτι
458 2146 773 2206 περιφανῶς
809 2137 1083 2207 ἠδίκημαι.
1140 2136 1329 2210 Ἀγνίᾳ
1369 2140 1471 2208 γὰρ
1512 2138 1602 2193 καὶ
1640 2140 1848 2210 Πραξι-

163 2228 285 2277 κλεῖ
318 2223 425 2277 ὑπὸ
457 2225 554 2277 τὸν
593 2223 762 2277 αὐτὸν
792 2227 998 2295 χρόνον
1035 2225 1368 2295 κατέστησαν
1410 2227 1659 2297 διάδοχοι
1685 2231 1849 2300 Μνη-

164 2313 381 2381 σίλοχός
417 2330 473 2364 τε
514 2312 543 2365 6
585 2313 926 2381 Περιθοίδης
964 2311 1053 2366 καὶ
1096 2316 1472 2383 Φρασιηρίδης
1512 2315 1541 2369 6
1577 2313 1851 2386 Ἀναφλύ-

165 2413 326 2462 στιος.
389 2398 490 2452 οὐκ
521 2398 932 2469 ἀφικνουμένου
973 2397 1034 2453 δὲ
1065 2410 1164 2455 τοῦ
1200 2405 1579 2471 Φρασιηρίδου
1621 2403 1705 2457 ἐπὶ
1745 2406 1851 2474 τὴν

163 2496 331 2556 ναῦν,
371 2487 400 2541 6
440 2489 795 2558 Μνησίλοχος
842 2487 1025 2542 ἐλθὼν
1072 2491 1150 2552 είς
1194 2491 1294 2557 τὴν
1345 2491 1530 2544 Θάσον
1575 2490 1856 2562 παρέλαβέ

164 2594 221 2629 τε
259 2575 405 2645 παρὰ
451 2584 551 2629 τοῦ
581 2573 806 2644 Ἁγνίου
852 2577 952 2646 τὴν
1000 2579 1220 2647 τριήρη,
1267 2576 1354 2630 καὶ
1404 2580 1462 2632 τὸ
1504 2577 1850 2650 ἐπιτριηράρ·

163 2683 308 2731 χημα
355 2662 599 2716 ἀπέδωκε
646 2671 720 2734 τῷ
760 2661 951 2735 Ἀγνίᾳ
1000 2673 1099 2718 τοῦ
1145 2667 1348 2735 χρόνου
1389 2661 1455 2719 οὗ
1496 2666 1852 2735 ἐπανήλωσεν

163 2748 302 2819 ὑπὲρ
356 2751 568 2820 αὐτῶν,
630 2751 765 2805 ὅσον
811 2754 1023 2819 ἔπεισε,
1077 2751 1166 2805 καὶ
1214 2753 1278 2806 τὰ
1334 2754 1499 2822 σκεύη
1548 2756 1693 2825 παρὰ
1747 2765 1850 2810 τοῦ

155 2835 379 2906 Ἀγνίου
411 2837 778 2907 ἐμισθώσατο,
810 2838 900 2892 καὶ
933 2840 1096 2903 αὐτὸς
1128 2840 1480 2912 ἐτριηράρχει.
1529 2841 1761 2913 ὕστερον
1788 2840 1846 2895 δ”

164 2925 401 2996 οίπαρά
448 2934 548 2981 τοῦ
590 2928 969 2998 Φρασιηρίδου
1017 2927 1273 2990 ἐλθόντες
1323 2938 1432 2982 τῶν
1470 2947 1527 2982 τε
1566 2927 1846 2999 ἀνηλωμέ-
