2035 3158
729 155 888 196 RATA
919 154 1125 197 KONSAEN
1131 155 1224 197 ΟΣ.
1717 155 1786 205 22
1797 158 1815 203 l

59 353 64 358 ι
125 291 302 359 μάσας
350 287 688 358 ἀπήγγελλεν
737 287 884 357 ἡμῖν.
948 289 1061 340 ἔστι
1110 284 1161 340 δ’
1220 283 1262 339 ὦ
1315 287 1513 357 ἄνδρες
1560 286 1806 340 δικασταὶ

125 376 471 430 ἀνυπόστατα
510 373 611 445 μὲν
650 376 714 428 τὰ
761 383 985 429 τοιαῦτα
1029 377 1366 445 τολμήματα·
1415 375 1473 429 oc
1506 374 1610 443 γὰρ
1660 370 1808 443 οἶμαι

124 462 395 532 βέλτιστοι
434 462 526 518 καὶ
564 461 737 532 ἥκιστ’
784 463 853 516 ἂν
891 463 1055 517 αὐτοί
1087 483 1138 516 τι
1178 464 1535 532 ψευσάμενοι,
1574 460 1800 531 μάλισθ’

124 552 231 607 ὑπὸ
269 562 380 606 τῶν
418 552 684 606 τοιούτων
719 544 1108 615 ἐξαπατῶνται·
1149 552 1215 605 οὐ
1247 552 1356 620 μὴν
1388 550 1525 603 ἀλλὰ
1559 551 1646 603 δεῖ
1674 552 1938 616 πρὸςιῖὓει

124 641 220 694 τὸν
269 642 396 710 βίον
445 637 534 693 καὶ
592 641 688 693 τὸν
746 641 951 709 τρόπον
1010 637 1465 708 [ἀπο]βλέποντας
1514 639 1806 691 πιστεύειν.

54 724 333 797 δθτὴνδὲ
379 729 576 781 τούτου
626 729 761 796 πρὸς
807 727 870 780 τὰ
918 724 1122 781 τοιαῦτ’
1177 728 1474 796 ὀλιγωρίαν
1522 725 1626 794 ἐγὼ
1673 727 1807 795 πρὸς

125 815 268 884 ὑμᾶς
315 814 442 885 ἐρῶ·
482 810 757 882 πέπυσμαι
805 816 908 884 γὰρ
958 814 1009 878 ἐξ
1059 800 1312 883 ἀνάγκης.
1383 814 1564 869 ἀκούω
1611 815 1715 885 γὰρ
1764 810 1805 867 ὦ

123 903 324 973 ἄνδρες
363 901 612 955 δικασταὶ
652 903 893 972 Βάκχιόν
940 901 1002 955 τέ
1037 923 1184 970 τινα,
1232 902 1290 965 ὃς
1335 901 1462 973 παρ’
1508 902 1640 972 ὑμῖν
1680 902 1804 955 ἀπέ-

120 995 281 1058 θανε,
318 988 409 1044 καὶ
443 990 863 1060 Ἀριστοκράτην
894 992 991 1043 τὸν
1023 993 1151 1052 τοὺς
1184 990 1507 1059 ὀφθαλμοὺς
1540 993 1806 1061 διεφθαρ-

118 1076 289 1146 μένον
350 1076 441 1131 καὶ
503 1078 787 1139 τοιούτους
849 1064 1065 1147 ἑτέρους
1127 1077 1213 1131 καὶ
1272 1081 1507 1131 Κόνωνα
1568 1082 1805 1147 τουτονί,

121 1164 371 1236 ἑταίρους
408 1161 550 1218 εἶναι
596 1162 826 1234 μειράκι’
875 1166 1035 1228 ὄντας
1080 1164 1170 1218 καὶ
1218 1169 1558 1236 Τριβαλλοὺς
1598 1166 1805 1220 ἐπωνυ-

120 1257 254 1322 μιάν
306 1255 470 1324 ἔχειν·
526 1254 756 1315 τούτους
804 1253 869 1306 τά
908 1251 965 1306 θ’
1016 1251 1271 1307 Ἑκαταῖα
1322 1258 1666 1325 κατεσθίειν,
1716 1254 1805 1308 καὶ

121 1343 248 1404 τοὺς
288 1342 468 1412 ὄρχεις
506 1343 634 1403 τοὺς
673 1339 731 1394 ἐκ
770 1350 879 1393 τῶν
918 1345 1142 1411 χοίρων,
1182 1335 1263 1405 οἷς
1302 1341 1630 1412 καθαίρουσ’
1676 1344 1805 1397 ὅταν

120 1427 349 1483 εἰσιέναι
398 1428 666 1499 μέλλωσι,
728 1428 1090 1497 συλλέγοντας
1150 1428 1401 1484 ἑκάστοτε
1453 1433 1805 1485 συνδειπνεῖν

57 1533 98 1565 ιο
121 1515 398 1586 ἀλλήλοις,
429 1515 519 1570 καὶ
552 1517 690 1588 ῥᾷον
724 1518 959 1586 ὀμνύναι
985 1517 1303 1587 κάπιορκεϊν
1328 1518 1360 1587 ἢ
1386 1518 1589 1573 ὁτιοῦν.
1646 1520 1712 1574 οὐ
1737 1521 1804 1589 δὴ

120 1606 321 1658 Κόνων
361 1605 391 1658 6
430 1612 676 1668 τοιοῦτος
715 1608 902 1668 πιστός
944 1604 1090 1658 ἐστιν
1133 1606 1378 1674 ὀμνύων·
1427 1604 1557 1661 οὐδὲ
1596 1612 1804 1662 πολλοῦ

121 1693 228 1745 δεῖ·
269 1690 399 1749 out,
434 1692 463 1747 6
503 1690 629 1760 μηδ’
677 1693 909 1761 εὔορκον
957 1690 1130 1761 μηδὲν
1179 1693 1248 1747 ἂν
1296 1695 1524 1764 ὀμόσας,
1570 1697 1703 1749 κατὰ
1744 1694 1803 1749 δὲ

121 1782 189 1850 δὴ
221 1782 436 1834 παίδων
468 1776 546 1834 ὧν
577 1782 648 1850 μὴ
684 1784 921 1850 νομίζετε
956 1781 1081 1851 μηδ’
1113 1782 1181 1835 ἂν
1214 1786 1501 1853 μελλήσας,
1534 1783 1671 1837 ἀλλὰ
1702 1783 1804 1838 κᾶν

121 1869 310 1923 ὁτιοῦν
348 1869 548 1922 παθὼν
585 1871 874 1939 πρότερον,
914 1871 964 1922 εἰ
1002 1868 1050 1923 δ’
1090 1869 1174 1940 ἄρ’
1216 1870 1537 1941 ἀναγκαῖον,
1582 1874 1804 1942 ὀμνύων

121 1956 195 2020 ὡς
220 1959 478 2027 νόμιμον,
508 1954 626 2011 κατ’
657 1956 907 2021 ἐξωλείας
943 1958 1115 2012 αὐτοῦ
1146 1958 1462 2027 καὶκγένους
1492 1959 1582 2014 καὶ
1616 1964 1806 2029 οἰκίας,

121 2042 560 2115 ἀξιοπιστότερος
612 2054 711 2100 τοῦ
772 2046 906 2098 κατὰ
962 2056 1070 2099 τῶν
1124 2049 1338 2100 παίδων
1393 2048 1662 2117 ὀμνύντος
1715 2050 1805 2103 καὶ

122 2133 214 2186 διὰ
245 2141 345 2188 τοῦ
379 2136 565 2203 πυρός.
630 2132 734 2202 ἐγὼ
775 2137 965 2187 τοίνυν
999 2135 1027 2189 6
1063 2136 1405 2205 δικαιότερόν
1446 2152 1548 2190 σου
1587 2152 1804 2191 πιστευ-

119 2218 243 2284 θεὶς
281 2220 350 2274 ἂν
387 2222 522 2274 κατὰ
561 2218 718 2274 πάντ’
766 2219 807 2275 ὦ
849 2224 1075 2289 Κόνων,
1121 2221 1349 2292 ἠθέλησ’
1398 2224 1594 2293 ὀμόσαι
1632 2230 1805 2294 ταυτί,

121 2307 224 2378 οὐχ
267 2305 406 2378 ὑπὲρ
452 2318 550 2362 τοῦ
597 2310 668 2378 μὴ
718 2310 914 2362 δοῦναι
960 2313 1150 2379 δίκην,
1193 2306 1269 2364 ὧν
1317 2312 1576 2381 ἠδίκηκα,
1617 2315 1805 2368 ὁτιοῦν

123 2404 326 2465 ποιῶν,
373 2397 553 2465 ὥσπερ
603 2397 698 2464 σύ,
747 2394 864 2449 ἀλλ’
910 2396 1048 2468 ὑπὲρ
1097 2406 1190 2467 τῆς
1236 2398 1499 2467 ἀληθείας
1538 2398 1625 2454 καὶ
1667 2399 1803 2472 ὑπὲρ

122 2492 222 2537 τοῦ
265 2485 338 2553 μὴ
372 2487 880 2553 προσυβρισθῆναι,
923 2486 995 2547 ὡς
1038 2485 1104 2538 οὐ
1147 2490 1705 2557 κατεπιορκησόμενος
1742 2492 1804 2544 τὸ

122 2579 355 2642 πρᾶγμα.
418 2570 538 2641 λέγε
578 2573 679 2641 τὴν
717 2576 1036 2643 πρόκλησιν.

781 2735 1153 2779 ΠΡΟΚΛΗΣΙΣ.

57 2850 101 2883 ιι
245 2833 412 2890 Ταῦτ’
442 2836 547 2905 ἐγὼ
571 2835 662 2891 καὶ
687 2835 795 2892 τότ’
831 2837 1078 2907 ἠθέλησα
1111 2840 1324 2910 ὀμόσαι,
1356 2839 1445 2895 καὶ
1479 2851 1583 2896 νῦν
1616 2842 1802 2912 ὀμνύω

122 2924 255 2986 τοὺς
295 2926 466 2988 θεοὺς
512 2926 602 2979 καὶ
649 2928 744 2989 τὰς
787 2927 923 2990 θεὰς
969 2928 1209 2991 ἅπαντας
1253 2928 1343 2982 καὶ
1393 2929 1601 2993 ἁπάσας
1646 2931 1803 3001 ὑμῶν
