2035 3158
454 135 594 176 ΠΕΡΙ
625 135 749 176 ΤΟΤ
780 135 952 175 ΣΤΕΦ.
987 136 1108 175 ΤΗΣ
1140 136 1175 174 Τ
1178 135 1548 176 ΡΙΗΡΛΡΧΙΑΣ.
1727 132 1840 185 :185

164 267 233 320 ἂν
281 262 352 336 ἦν
402 267 614 321 δεινόν·
664 275 771 320 νῦν
829 263 880 319 δ’
937 263 1057 320 οὐδ’
1115 266 1503 321 ὁποιαντινοῦν
1553 284 1637 321 πω
1689 270 1843 336 μεμί-

166 360 411 408 σθωνται
455 353 579 424 περὶ
628 363 728 408 τοῦ
765 357 1017 416 πλειόνος
1056 352 1443 422 ἀντιλέγοντες.
1516 358 1692 408 καίτοι·
1730 364 1845 417 πῶς
1889 372 1891 375 ·

164 444 269 496 εἰσι
309 444 509 496 δίκαιοι
551 450 717 497 ταῦτα
755 438 856 511 μὲν
894 442 1126 512 ὕστερον
1173 442 1603 511 ἐξαναπληροῦν,
1641 450 1746 495 νῦν
1787 438 1839 493 δ’

164 531 237 593 ὡς
273 540 477 600 πρῶτοι
515 531 1058 600 παρασκευασάμενοι
1097 533 1192 583 τὸν
1233 529 1504 599 στέφανον
1544 533 1756 599 λαβεῖνς

270 616 543 687 Ἡγοῦμαι
582 622 798 687 τοίνυν,
846 619 928 672 ὅτι
975 615 1075 687 μὲν
1123 616 1421 672 δικαιότατ’
1462 617 1531 671 ἂν
1571 619 1846 688 στεφανώ-

164 703 302 759 σαιτ’
348 705 459 776 ἐμέ,
497 705 600 759 κᾶν
639 702 811 775 μηδὲν
854 708 1104 769 εἰπόντος
1143 705 1278 775 ἐμοῦ
1317 707 1644 774 γιγνώσκειν
1684 706 1978 775 ὑμᾶς·1230

163 794 245 848 ὅτι
287 792 338 847 δ’
385 794 452 848 οὐ
499 793 711 862 μέτεστι
760 797 949 864 μόνοις
996 796 1209 857 τούτοις
1254 792 1378 864 περὶ
1425 803 1524 848 τοῦ
1572 795 1847 864 στεφάνου

163 885 354 950 λόγος,
406 879 551 935 τοῦτ’
615 881 876 946 ἐπιδεῖξαι
930 883 1213 951 βούλομαι.
1299 884 1476 935 πόθεν
1531 879 1633 936 οὖν
1686 891 1847 935 τοῦτο

163 967 374 1038 μάλιστ’
422 972 571 1022 ἔσται
620 971 814 1039 δῆλονς
864 967 958 1039 ἀφ’
1006 965 1083 1023 ὧν
1131 969 1286 1023 αὐτοὶ
1334 973 1682 1038 πεποιήκασι’
1717 986 1849 1023 σκε·

162 1058 397 1126 φάμενοι
429 1058 533 1127 γὰρ
565 1059 661 1111 τὸν
696 1057 748 1121 ἐξ
784 1057 1069 1128 ἐλαχίστου
1102 1067 1455 1127 τριηραρχεῖν
1486 1061 1850 1130 βουλόμενον,

164 1147 542 1215 μεμισθώκασι
584 1148 682 1214 τὴν
722 1149 1067 1216 λῃτουργίαν.
1131 1149 1305 1198 καίτοι
1355 1155 1467 1208 πῶς
1514 1147 1614 1200 οὐκ
1654 1149 1848 1200 ἄδικον

164 1243 273 1287 τῶν
321 1231 421 1303 μὲν
468 1234 839 1303 ἀναλωμάτων
887 1233 1277 1304 ἀφεστηκέναι,
1332 1243 1442 1286 τῶν
1490 1231 1550 1287 δὲ
1596 1234 1846 1303 γιγνομέ-

163 1342 280 1375 νων
313 1320 386 1375 δι’
427 1322 606 1375 ἐκεῖνα
638 1332 810 1391 τιμῶν
843 1321 1034 1386 ἀξιοῦν
1069 1320 1279 1384 ἑαυτοῖς
1318 1332 1581 1391 μετεῖναις
1622 1321 1712 1376 καὶ
1750 1333 1849 1377 τοῦ

163 1406 263 1478 μὲν
302 1411 374 1479 μὴ
414 1414 761 1480 περιορμίσαι
800 1412 900 1479 τὴν
940 1419 1081 1464 ναῦν
1129 1413 1246 1464 τότε
1288 1413 1388 1464 τὸν
1428 1412 1848 1481 μεμισθωμένον

164 1499 464 1566 αἰτιᾶσθαι,
502 1508 612 1551 τῶν
653 1495 713 1574 δὲ
759 1503 936 1561 καλῶς
983 1498 1460 1567 δεδιακονημένων
1508 1507 1613 1553 νῦν
1662 1501 1848 1563 αὐτοῖς

118 1604 139 1635 8
163 1587 407 1639 κελεύειν
446 1587 607 1656 χάριν
646 1586 785 1655 ὑμᾶς
825 1589 992 1657 ἔχειν;
1035 1589 1123 1640 δεῖ
1154 1591 1344 1640 τοίνυν
1384 1588 1525 1656 ὑμᾶς
1566 1584 1606 1640 ὦ
1651 1589 1849 1656 ἄνδρες

157 1671 474 1743 Ἀθηναῖοι,
525 1676 598 1743 μὴ
649 1677 822 1743 μόνον
874 1674 933 1727 ἐκ
980 1676 1189 1728 τούτων
1237 1685 1461 1729 σκοπεῖν
1510 1678 1571 1730 τὸ
1613 1677 1847 1744 δίκαιον,

164 1761 301 1815 ἀλλὰ
338 1749 439 1815 καί
469 1762 521 1826 ἐξ
563 1759 639 1815 ὧν
680 1762 835 1815 αὐτοὶ
875 1766 1142 1834 πρότερον
1189 1766 1512 1833 πεποιήκατε
1565 1765 1732 1817 ταύτὰ
1772 1784 1848 1817 τι-

164 1859 278 1903 νῶν
317 1849 769 1920 διαπραξαμένων
805 1852 1032 1913 τούτοις.
1096 1851 1183 1904 ὅτε
1224 1852 1328 1921 γὰρ
1370 1859 1432 1921 τῇ
1472 1856 1746 1923 ναυμαχία
1786 1860 1848 1922 τῇ

162 1940 298 2009 πρὸς
320 1936 681 2009 Ἀλέξανδρον
712 1937 1021 2008 ἐνικήθητε,
1057 1942 1175 1992 τότε
1213 1949 1321 1992 τῶν
1350 1940 1696 2009 τριηράρχων
1723 1943 1850 2003 τοὺς

165 2029 579 2096 μεμισθωκότας
623 2028 716 2089 τὰς
761 2030 1110 2098 τριηραρχίας
1157 2029 1508 2091 αἰτιωτάτους
1555 2037 1653 2081 τοῦ
1700 2048 1849 2096 γεγε-

165 2113 403 2184 νημένου
449 2117 785 2184 νομίζοντες,
832 2114 1169 2183 παρεδώκατ’
1224 2118 1300 2178 εἰς
1346 2118 1406 2169 τὸ
1457 2118 1851 2185 δεσμωτήριον,

165 2206 781 2273 καταχειροτονήσαντες
812 2202 1222 2273 προδεδωκέναι
1255 2205 1348 2267 τὰς
1380 2213 1515 2266 ναῦς
1545 2203 1635 2257 καὶ
1676 2209 1850 2258 λελοι-

123 2308 142 2339 9
166 2289 324 2344 πέναι
363 2292 464 2360 τὴν
504 2290 668 2355 τάξιν.
740 2290 830 2344 καὶ
869 2295 1156 2362 κατηγόρει
1205 2290 1304 2362 μὲν
1338 2291 1703 2363 Ἀριστοφῶν,
1742 2293 1850 2346 ε’δι-

131 2380 345 2443 ᾈκάζετε
370 2376 419 2432 δ’
450 2378 624 2448 ὑμεῖς·
658 2381 710 2431 εἰ
740 2376 800 2432 δὲ
836 2381 908 2449 μὴ
944 2380 1308 2450 μετριωτέραν
1343 2383 1521 2450 ἔσχετε
1554 2382 1654 2449 τὴν
1679 2381 1849 2450 ὀργὴν

166 2475 260 2536 τῆς
299 2466 525 2520 ἐκείνων
563 2471 857 2537 πονηρίας,
908 2465 1074 2521 οὐδὲν
1125 2468 1194 2521 ἂν
1245 2468 1445 2531 αὐτοὺς
1492 2468 1737 2522 ἐκώλυεν·
1767 2489 1849 2522 τε-

164 2555 386 2608 θνάναι.
447 2555 613 2608 ταύτὰ
643 2560 834 2609 τοίνυν
871 2557 1074 2618 εἰδότες
1113 2553 1265 2610 οὗτοι
1297 2555 1625 2625 πεπραγμέν’
1666 2557 1852 2621 αὑτοῖς

167 2642 257 2696 καὶ
281 2643 527 2712 ἐκείνοις,
561 2643 682 2713 οὐχὶ
714 2647 1037 2713 φρίττουσιν
1072 2644 1131 2697 ἐν
1162 2644 1293 2713 ὑμῖν
1318 2641 1454 2712 ὑπὲρ
1480 2640 1557 2697 ὧν
1589 2649 1850 2715 προσήκει
1875 2676 1877 2678 -

167 2737 369 2784 παθεῖν
425 2727 649 2799 αὐτούς,
711 2732 849 2784 ἀλλὰ
912 2734 1287 2803 δημηγοροῦσι
1349 2731 1465 2785 κατ’
1524 2734 1706 2786 ἄλλων
1759 2732 1850 2786 καὶ

169 2827 480 2889 στεφανοῦν
519 2821 840 2873 κελεύουσιν
888 2818 1124 2883 ἑαυτούς.
1196 2824 1371 2874 καίτοι
1421 2819 1698 2885 σκέψασθε
1739 2818 1841 2874 τίν’

167 2908 237 2961 ἄν
289 2925 420 2961 ποτε
475 2907 687 2972 δόξαιτε
741 2911 1145 2978 βεβουλεῦσθαι
1209 2911 1437 2978 τρόπον,
1499 2910 1550 2962 εἰ
1602 2909 1694 2961 διὰ
1747 2911 1847 2977 τὴν
