2035 3158
62 662 106 693 24

65 1807 106 1837 26

124 160 198 211 56
612 159 768 201 XLIV.
816 157 1324 215 {AHMoxc-›ssNOTXJ

128 293 324 346 τούτου
367 299 466 345 τοῦ
506 290 712 360 τρόπου
759 292 858 359 τὴν
907 293 1280 359 κληρονομίαν
1318 289 1472 359 ἡμῶν
1513 288 1808 359 ἀποστερή-

130 395 247 432 σειν
295 384 530 447 οἴονται,
579 379 992 447 ἐνεργαζόμενοι
1047 374 1147 445 μὲν
1201 376 1288 430 καὶ
1340 377 1809 446 ἐμπαιδοτροφού-

129 486 283 535 μενοι
329 475 394 537 τῇ
441 475 538 520 τοῦ
572 464 864 535 Ἀρχιάδου
913 464 1099 535 οὐσία,
1139 463 1449 527 ἐπανιόντες
1488 462 1538 517 δ’
1585 462 1671 516 ἐπὶ
1709 464 1809 533 τὴν

128 551 384 625 πατρῴαν
431 553 626 607 οὐσιάν
677 553 891 606 ἐκεῖθεν
938 551 1048 620 ἀεί,
1103 551 1360 621 κάκείνην
1407 549 1507 621 μὲν
1553 550 1810 621 ἀκέραιον

129 641 512 710 φυλάττοντες,
550 643 751 711 ταύτην
793 639 840 694 δ’
882 639 1284 704 ἀναλίσκοντες.
1348 638 1465 694 ἀλλ’
1505 631 1649 710 ὅμως
1687 643 1810 692 τού-

130 748 239 782 των
283 731 550 783 τοιούτων
598 731 798 798 ὄντων,
853 729 984 797 ὅπερ
1033 725 1216 796 εἷπον,
1272 727 1424 797 ἡμεῖς
1469 726 1809 797 ὑπεμένομεν

130 817 354 870 ἅπαντα.
424 816 578 889 μέχρι
628 820 797 880 τίνος;
848 816 947 879 ἕως
994 817 1023 870 6
1066 817 1390 885 Λεωκράτης
1437 816 1466 868 6
1513 816 1621 870 ὑπὸ
1660 819 1806 869 Λεω-

131 905 364 974 στράτου
398 906 457 959 ἐν
489 914 561 978 τῷ
597 911 728 976 οἴκῳ
765 912 837 977 τῷ
873 903 1168 975 Ἀρχιάδου
1210 902 1655 974 ἐγκαταλειφθεὶς
1691 904 1811 967 υίὸς

130 995 506 1063 τετελεύτηκεν
538 996 711 1056 ἄπαις.
767 995 965 1047 τούτου
998 989 1057 1045 δὲ
1092 994 1323 1056 ἄπαιδος
1352 994 1808 1061 τετελευτηκότος,
1830 1013 1938 1053 1068

131 1079 387 1150 ἀξιοῦμεν
426 1082 579 1151 ἡμεῖς
619 1083 676 1136 οἱ
710 1080 855 1150 γένει
888 1080 1161 1149 ἐγγυτάτω
1203 1082 1355 1143 ὄντες
1387 1077 1643 1152 Ἀρχιάδῃ
1681 1083 1807 1147 κλη-

132 1179 387 1238 ρονομεῖν
426 1178 519 1238 τῆς
558 1170 773 1239 οὐσίας,
821 1168 911 1222 καὶ
950 1170 1022 1237 μὴ
1063 1177 1258 1222 τοῦτον
1298 1177 1370 1241 τςό
1412 1169 1808 1237 τετελευτηκότι

131 1263 203 1328 τῷ
255 1256 400 1329 αὐτῷ
453 1260 717 1329 εἰσποητῷ
779 1259 896 1310 ὄντι
956 1257 1082 1310 υἱὸν
1133 1259 1397 1309 εἰσποιεῖν
1449 1251 1528 1308 ἐπ’
1586 1254 1808 1308 ἀποστε-

132 1346 284 1414 ρήσει
323 1355 432 1398 τῶν
475 1344 763 1414 ἡμετέρων.
826 1347 877 1397 εἰ
913 1342 1014 1413 μὲν
1054 1345 1157 1413 γὰρ
1191 1343 1354 1405 αὐτὸς
1388 1345 1490 1408 ζῶν
1524 1343 1809 1412 ε’ποήσατο,

131 1436 320 1503 καίπερ
362 1435 518 1497 ὄντος
557 1435 700 1501 παρὰ
741 1435 836 1487 τὸν
877 1436 1052 1502 νόμον
1091 1441 1190 1486 τοῦ
1230 1434 1420 1500 ἔργον,
1468 1431 1568 1485 οὐκ
1607 1429 1676 1484 ἄν
1714 1429 1807 1484 ἀν-

132 1519 441 1590 τελέγομεν·
482 1521 666 1590 ἐπειδὴ
707 1519 755 1574 δ’
804 1521 926 1574 οὔτε
976 1524 1123 1592 γόνῳ
1174 1517 1242 1588 ἡν
1282 1520 1426 1592 αὐτῷ
1468 1520 1586 1583 υίὸς
1625 1517 1809 1582 οὐδεὶς

130 1605 245 1662 οὔτ’
291 1609 557 1678 ἐποήσατο
600 1613 728 1676 ζῶν,
776 1609 803 1662 ὁ
845 1605 903 1661 δὲ
945 1611 1112 1677 νόμος
1151 1617 1263 1669 τοῖς
1303 1607 1575 1676 ἐγγυτάτω
1614 1605 1809 1676 γένους

131 1697 224 1760 τὰς
275 1701 639 1767 κληρονομίας
700 1696 1030 1764 ἀποδίδωσι,
1091 1704 1203 1758 πῶς
1258 1695 1326 1748 οὐ
1381 1697 1588 1750 δίκαιοί
1644 1694 1806 1764 ἐσμεν

131 1784 282 1853 ἡμεῖς
328 1787 538 1839 τούτων
585 1787 656 1854 μὴ
704 1784 1146 1854 ἀποστερηθῆναι
1200 1781 1314 1836 κατ’
1367 1782 1668 1854 ἀμφότερα;
1716 1782 1805 1837 καὶ

131 1874 232 1942 γὰρ
273 1881 345 1946 τῷ
381 1871 664 1944 Ἀρχιάδῃ,
712 1869 778 1927 οὗ
825 1869 894 1941 ἡν
934 1872 966 1940 ἡ
1007 1871 1168 1925 οὐσία
1208 1872 1268 1924 τὸ
1310 1870 1363 1935 ἐξ
1411 1870 1603 1942 ἀρχῆς,
1649 1871 1804 1940 ἐγγυ-

130 1962 270 2015 τάτω
316 1960 461 2030 γένει
509 1959 670 2031 ἐσμὲν
717 1959 806 2014 καὶ
861 1967 933 2032 τῷ
991 1961 1280 2032 εἰσποιητῷ
1332 1960 1660 2029 Λεωκράτει·
1707 1969 1806 2014 τοῦ

130 2047 229 2119 μὲν
270 2051 371 2120 γὰρ
412 2050 440 2104 6
479 2050 654 2119 πατὴρ
703 2048 1125 2117 ἐπανεληλυθὼς
1163 2049 1241 2110 εἰς
1278 2050 1406 2111 τοὺς
1438 2046 1807 2112 Ἐλευσινίους

131 2137 309 2193 οὐκέτι
356 2140 455 2208 τὴν
502 2139 635 2191 κατὰ
681 2139 777 2191 τὸν
823 2140 998 2205 νόμον
1055 2138 1356 2205 οἰκειότητα
1405 2139 1588 2189 ἔλιπεν
1635 2136 1801 2207 αὑτῷ,

130 2227 281 2297 ἡμεῖς
314 2224 393 2295 δὲ,
430 2224 555 2296 παρ’
596 2220 677 2288 οἷς
708 2223 777 2294 ἦν
818 2226 877 2279 ἐν
916 2232 990 2297 τῷ
1032 2223 1196 2293 γένει,
1236 2225 1336 2293 τὴν
1375 2224 1807 2294 ἀναγκαιοτάτην

131 2315 453 2384 συγγένειαν
491 2321 734 2385 εἴχομεν,
783 2316 934 2376 ὄντες
980 2312 1275 2374 ἀνεψιαδοῖ
1321 2312 1522 2386 ἐκείνῳ.
1588 2310 1712 2367 ὥστ’
1758 2317 1811 2367 εί

130 2401 229 2473 μὲν
278 2406 493 2474 βούλει,
539 2411 636 2457 τοῦ
678 2398 965 2472 Ἀρχιάδου
1021 2411 1302 2469 συγγενεῖς
1349 2403 1502 2464 ὄντες
1547 2400 1805 2472 ἀξιοῦμεν

129 2497 517 2563 κληρονομεῖν,
554 2494 605 2545 εἰ
645 2489 704 2544 δὲ
743 2491 958 2559 βούλει,
1005 2498 1104 2543 τοῦ
1143 2490 1526 2559 Λεωκράτους·
1565 2494 1802 2544 τετελευ·

129 2585 351 2650 τηκότος
390 2582 492 2649 γὰρ
533 2581 764 2642 ἄπαιδος
803 2579 1000 2646 αὐτοῦ,
1048 2577 1230 2641 οὐδεὶς
1268 2578 1423 2646 ἡμῶν
1461 2581 1607 2647 γένει
1646 2577 1804 2647 ε’γγυ-

128 2669 264 2740 τέρω
306 2670 431 2723 ἐστί.
494 2667 581 2722 καὶ
624 2669 714 2721 διὰ
753 2664 853 2737 μὲν
894 2663 953 2720 σε
994 2663 1036 2719 ὦ
1075 2668 1393 2736 Λεώστρατε
1433 2666 1462 2720 6
1503 2663 1651 2729 οἶκος
1689 2666 1804 2736 ἐξη-

128 2761 392 2827 ρήμωται·
419 2766 511 2827 τῆς
534 2758 636 2826 γὰρ
664 2756 853 2819 οὐσιάς
877 2757 975 2824 τὴν
1000 2757 1321 2823 οἰκειότητα,
1352 2754 1419 2808 οὐ
1450 2763 1558 2807 τῶν
1583 2753 1803 2826 ἀνδρῶν

128 2855 235 2899 τῶν
275 2844 636 2915 ποησαμένων
670 2846 946 2913 διετήρεις.
1008 2843 1108 2905 ἕως
1147 2840 1247 2912 μέν
1287 2862 1345 2911 γε
1385 2845 1805 2913 τελευτήσαντος

129 2936 324 2988 τούτου
357 2931 539 2996 οὐδεὶς
573 2933 902 3002 ἠμφεσβήτει
934 2940 1031 2985 τοῦ
1063 2933 1287 2999 κλήρου,
1320 2929 1520 2984 οὐδένα
1545 2933 1803 2994 εἰσεπόεις
