2035 3158
724 167 887 208 ΠΡΟΣ
918 163 1304 208 ΚΑΛΛΙΠΠΟΝ.
1743 153 1850 213 1-89

167 309 346 364 κακῶς
376 297 479 354 τιν’
519 299 822 369 ἐτόλμησαν
864 300 1054 365 εἰπεῖν,
1093 289 1176 359 οἷς
1213 294 1492 363 ἀγαπητὸν
1531 287 1601 361 ἦν
1640 290 1712 360 μὴ
1751 288 1852 342 πά-

169 403 365 460 σχουσι
403 397 581 450 κακῶς
620 386 819 449 αὐτοῖς.
1712 435 1715 438 ⁴

103 492 146 525 21
287 479 399 530 Τοῦ
453 479 645 530 τοίνυν
697 475 925 538 τούτους
985 473 1210 536 ἀδίκους
1271 468 1413 525 εἶναι
1466 466 1555 522 καὶ
1608 472 1855 535 θρασεῖς,

172 562 395 627 οὐδένες
431 562 589 633 ὑμῶν
627 550 779 617 εἰσιν
811 563 1137 631 αἰτιώτεροι·
1185 559 1332 629 παρὰ
1371 558 1475 627 γὰρ
1515 565 1625 609 τῶν
1666 555 1854 622 λεγόν-

170 672 311 720 των,
361 651 458 714 οὓς
499 649 600 705 ἴστ’
647 649 736 704 ε’πὶ
775 656 958 722 μισθῷ
1012 657 1173 703 τοῦτο
1223 647 1589 715 πράττοντας,
1637 641 1854 696 πυνθά-

169 745 337 793 νεσθε
368 741 531 793 ποῖόν
562 736 667 792 τιν’
707 737 936 792 ἕκαστον
979 740 1066 792 δεῖ
1092 739 1352 815 νομίζειν,
1393 733 1494 788 οὐκ
1526 729 1681 786 αὐτοὶ
1711 737 1852 783 θεω-

127 859 130 862 ·
172 837 329 897 ρεῑτε.
400 830 578 880 καίτοι
627 837 741 889 πῶς
791 826 891 880 οὐκ
942 828 1178 892 ἄτοπον,
1228 825 1456 886 τούτους
1508 817 1610 890 μὲν
1657 819 1856 880 αὐτοὺς

172 914 578 984 πονηροτάτους
615 923 725 967 τῶν
763 917 1003 966 πολιτῶν
1035 915 1297 981 νομίζειν,
1336 912 1464 973 τοὺς
1499 906 1548 962 δ’
1586 908 1693 961 ὑπὸ
1732 907 1853 960 τού-

107 1018 150 1051 22
173 1023 284 1057 των
333 1000 765 1074 ,ἐπαινουμένους
818 1002 1086 1071 χρηστοὺς
1139 999 1420 1068 ἡγεῖσθαις
1474 995 1562 1050 καὶ
1617 996 1719 1065 γάρ
1773 1013 1856 1047 τοι

173 1092 352 1144 πάντα
384 1087 455 1143 δι’
495 1089 678 1143 αὑτῶν
715 1098 1025 1157 ποιοῦνται,
1065 1086 1153 1141 καὶ
1192 1090 1367 1157 μόνον
1408 1086 1506 1156 οὐχ
1546 1085 1653 1139 ὑπὸ
1692 1085 1855 1153 κήρυ-

174 1200 269 1242 κος
305 1182 551 1232 πωλοῦσι
590 1177 653 1230 τὰ
692 1178 877 1245 κοινά,
924 1175 1016 1230 καὶ
1064 1183 1400 1245 στεφανοῦν,
1448 1174 1513 1227 ὃν
1561 1172 1629 1226 ἄν
1676 1172 1860 1233 αὐτοῖς

178 1269 344 1337 δοκῇ,
393 1265 483 1319 καὶ
523 1267 595 1336 μὴ
636 1273 947 1335 στεφανοῦν
997 1265 1314 1330 κελεύουσι,
1365 1260 1728 1331 κυριωτέρους
1766 1259 1862 1312 αὗ-

176 1358 306 1419 τοὺς
358 1364 469 1408 τῶν
522 1353 799 1424 ὑμετέρων
854 1353 1143 1422 δογμάτων
1197 1351 1569 1412 καθιστάντες.
1648 1349 1751 1417 ἐγὼ
1803 1347 1856 1401 δ’

178 1444 311 1514 ὑμῖν
351 1439 394 1496 ὦ
433 1443 632 1509 ἄνδρες
656 1439 944 1510 Ἀθηναῖοι
975 1448 1245 1510 παραινῶ,
1284 1439 1357 1507 μὴ
1397 1447 1576 1492 ποιεῖν
1614 1438 1714 1506 τὴν
1753 1446 1862 1489 τῶν

180 1532 494 1585 ἀναλίσκειν
542 1530 853 1583 ἐθελόντων
898 1531 1216 1599 φιλοτιμίαν
1273 1524 1360 1580 ἐπὶ
1407 1533 1469 1596 τῇ
1517 1535 1627 1579 τῶν
1674 1527 1862 1593 λεγόν-

179 1640 290 1674 των
318 1617 619 1690 πλεονεξία.
680 1618 731 1670 εἰ
761 1614 822 1671 δὲ
853 1618 946 1686 μὴ,
987 1615 1231 1680 διδάξετε
1271 1615 1494 1682 πάντας,
1532 1614 1598 1667 τὰ
1628 1610 1729 1683 μὲν
1760 1611 1856 1683 ὑφ’

179 1708 336 1777 ὑμῶν
371 1703 796 1774 προσταττόμεν’
843 1705 915 1768 ὡς
954 1703 1304 1759 εὐτελέστατα
1345 1705 1600 1770 διοικεῖν,
1639 1704 1768 1765 τοὺς
1807 1700 1856 1755 δ’

182 1793 317 1866 ὑπὲρ
355 1795 566 1849 τούτων
606 1793 843 1856 ἀναιδῶς
889 1795 967 1856 εἰς
1012 1793 1154 1862 ὑμᾶς
1192 1789 1569 1860 ψευσομένους
1608 1791 1680 1854 ὡς
1717 1794 1866 1844 πλεί-

183 1899 348 1948 στους
382 1887 742 1953 μισθοῦσθαι.

967 2153 1083 2207 LII.

606 2270 840 2332 ΠΡΟΣ
884 2269 1450 2331 ΚΑΛΛΙΠΠΟΝ.

869 2427 1201 2470 ΤΠΟΘΕΣΙΣ.

299 2536 487 2588 Λύκων
523 2555 612 2601 τις,
648 2535 702 2586 τὸ
741 2534 881 2601 γένος
912 2529 1263 2601 Ἡρακλεώτης,
1302 2543 1361 2604 τῇ
1403 2534 1663 2593 Πασίωνος
1702 2530 1871 2599 ἐχρῆτο

144 2615 147 2618 s
191 2617 412 2689 τραπέζῃ.
480 2611 622 2677 οὗτος
661 2615 845 2681 μέλλων
884 2615 1076 2665 ἐκπλεῖν
1123 2615 1192 2675 εἰς
1230 2615 1456 2680 Λιβύην,
1495 2613 1747 2664 κατέλιπεν
1786 2612 2002 2678 dap-1235

191 2702 363 2768 γύριον
399 2697 531 2765 παρὰ
563 2698 804 2762 Πασίωνι,
844 2695 910 2757 ὡς
941 2694 1028 2761 μὲν
1061 2697 1264 2745 Πασίων
1298 2698 1391 2756 ζῶν
1424 2695 1550 2762 ἔλεγε
1588 2693 1671 2744 καὶ
1702 2688 1874 2744 Ἀπολ-

193 2781 406 2846 λόδωρος
443 2777 565 2846 λέγει
602 2786 720 2843 νῦν,
766 2776 1094 2842 ἐντειλάμενος
1141 2775 1415 2826 ἀποδοῦναι
1453 2776 1769 2845 Κηφισιάδῃ,
1809 2773 1876 2835 ὡς

195 2859 248 2911 δὲ
284 2859 570 2920 Κάλλιππός
608 2873 786 2925 φησιν,
834 2858 988 2928 ἑαυτῷ
1035 2858 1353 2924 χαρισάμενος
1400 2857 1527 2926 φίλῳ
1566 2850 1609 2905 τ’
1652 2854 1755 2906 ὄντι
1793 2854 1876 2903 καὶ

127 2968 129 2971 ·
194 2939 411 3012 προξένῳ
461 2947 559 2990 τῶν
608 2939 808 2989 πάντων
855 2933 1216 3006 (Ηρακλεωτῶν.
1293 2936 1639 2997 ἀποθανόντος
1692 2933 1744 2985 δὲ
1789 2943 1877 2985 τοῦ
