2035 3158
96 965 132 997 16

92 1584 129 1614 17

95 2551 129 2581 18

165 108 267 167 168
702 116 757 156 μζ
801 116 1282 171 ὶΔΗΜΟΣΘΕΝοΥΣ
1285 118 1303 173 J

161 246 374 315 λωμεία
415 246 526 316 ἤδη
560 248 822 317 ὁρῶντες,
861 248 924 300 τὰ
965 243 1025 301 δε
1064 255 1157 316 τῆς
1194 251 1402 311 πόλεως
1442 247 1608 317 αμελ
1582 282 1630 318 3,
1668 250 1731 302 τὰ
1772 247 1834 303 δὲ

159 341 269 387 τῶν
310 336 609 418 συμμάχων
659 336 862 403 άπορα,
911 336 976 388 τὰ
1024 332 1084 388 δε
1131 345 1240 388 τῶν
1281 338 1622 406 στρατηγῶν
1637 338 1834 390 ἄπιστα

159 421 248 474 καὶ
293 423 401 476 ὑπὸ
447 428 668 476 πολλῶν
715 424 897 476 αὐτῶν
945 426 1089 496 λόγῳ
1139 422 1556 492 ἐξηπατημένοι,
1602 423 1692 478 καὶ
1739 428 1834 479 τὸν

158 512 360 579 χρόνον
401 510 661 579 ἐξήκοντα
699 519 790 579 τῆς
836 531 1184 581 τριηραρχιας
1231 510 1319 563 καὶ
1367 513 1462 565 τὸν
1509 516 1687 566 πλοῦν
1734 514 1836 567 οὐκ

159 600 289 650 ὄντα
321 600 523 666 οἴκαδε,
563 595 693 652 οὐδὲ
727 599 988 668 διάδοχον
1020 599 1224 667 ἥκοντα
1257 597 1342 652 ἐπὶ
1373 601 1472 668 τὴν
1503 608 1663 669 ναῦν,
1700 598 1829 670 παρῗ

158 682 224 738 οὗ
264 679 333 739 ἄν
381 706 462 749 τις
506 685 739 755 ἠξίωσεν
780 687 1148 756 ὠφεληθῆναι.
1211 687 1321 759 ὅσω
1373 688 1476 756 γὰρ
1515 690 1836 757 φιλοτιμού-

157 793 319 841 μενος
350 775 578 843 ἄμεινον
611 773 1009 844 ἐπληρωσάμην
1042 776 1141 843 τὴν
1173 783 1315 827 ναῦν
1350 774 1548 841 ἐρετῶν
1587 775 1835 845 ἀγαθῶν,

157 863 398 935 τοσούτῳ
453 883 546 931 μοι
600 866 823 932 πλείστη
878 862 1165 926 ἀπόλειψις
1221 861 1434 930 ἐγένετο
1491 873 1598 917 τῶν
1652 867 1835 918 ἄλλων

157 951 513 1020 τριηράρχων.
575 961 688 1014 τοῖς
735 947 835 1020 μὲν
882 951 984 1019 γὰρ
1026 951 1238 1018 ἄλλοις,
1288 952 1339 1003 εἰ
1375 954 1446 1020 μή
1487 971 1538 1003 τι
1576 953 1742 1021 ἄλλο,
1782 954 1840 1007 οἵ

157 1035 208 1105 γ’
256 1037 313 1090 ἐκ
367 1042 672 1107 καταλόγου
729 1039 986 1100 ἐλθόντες
1040 1037 1126 1091 ἐπὶ
1179 1040 1279 1107 τὴν
1332 1048 1474 1092 ναῦν
1527 1039 1835 1110 παρέμενον

156 1135 448 1194 τηροῦντες
486 1128 586 1196 τὴν
627 1129 810 1180 οἴκαδε
854 1130 1157 1196 σωτηριάν,
1198 1127 1356 1180 ὁπότε
1398 1127 1597 1190 αὐτοὺς
1637 1128 1835 1198 ἀφήσει

156 1214 184 1268 ὁ
219 1218 536 1283 στρατηγός·
579 1217 636 1269 οἱ
665 1214 714 1268 δ’
755 1213 872 1283 ἐμοὶ
913 1223 1105 1267 ναῦται
1138 1216 1484 1278 πιστεύοντες
1523 1216 1709 1279 αὑτοῖς
1748 1215 1835 1270 ἐπὶ

156 1310 228 1374 τῷ
264 1304 539 1356 δύνασθαι
585 1302 856 1371 ἐλαύνειν,
896 1303 1034 1355 ὅπου
1080 1304 1318 1371 ἤμελλον
1365 1302 1632 1374 ἀργύριον
1669 1306 1835 1358 πάλιν

155 1395 408 1444 πλεῖστον
441 1394 733 1460 λήψεσθαι,
775 1388 997 1444 ἐνταῦθ’
1038 1390 1272 1460 ἀπῇσαν,
1311 1390 1609 1460 ἡγούμενοι
1641 1393 1742 1461 τὴν
1775 1393 1834 1446 ἐν

156 1486 228 1550 τῷ
274 1481 504 1547 παρόντι
555 1479 818 1548 εὐπορίαν
870 1482 1091 1547 κρείττω
1144 1475 1285 1531 εἶναι
1332 1479 1519 1542 αὑτοῖς
1565 1488 1662 1533 τοῦ
1708 1479 1834 1548 μέλ-

157 1572 348 1630 λοντος
393 1569 600 1637 φόβου,
648 1572 703 1619 εἴ
743 1586 871 1620 ποτε
920 1570 1266 1636 ληφθείησαν
1306 1564 1395 1619 ὑπ’
1444 1566 1592 1636 ἐμοῦ.
1653 1569 1833 1622 τοιού-

156 1675 264 1708 των
314 1659 504 1708 τοίνυν
553 1675 644 1724 μοι
697 1665 805 1708 τῶν
855 1655 1185 1723 πραγμάτων
1238 1658 1694 1725 συμβεβηκότων,
1744 1655 1834 1709 καὶ

155 1751 251 1796 τοῦ
308 1753 612 1813 στρατηγοῦ
678 1745 786 1812 ἅμα
850 1744 1162 1812 Τιμομάχου
1224 1744 1625 1813 προστάξαντος
1677 1748 1834 1797 πλεῖν

155 1829 240 1901 ἐφ’
278 1829 450 1901 Ἱερὸν
492 1831 577 1884 ἐπὶ
618 1833 716 1900 τὴν
748 1833 1118 1900 παραπομπὴν
1149 1840 1247 1885 τοῦ
1288 1835 1461 1899 σίτου,
1500 1831 1589 1884 καὶ
1628 1834 1833 1901 μισθὸν

156 1920 221 1972 οὐ
276 1921 556 1987 διδόντος,
607 1917 1076 1988 εἰσαγγελθέντων
1129 1917 1231 1986 [δὲ]
1285 1918 1366 1971 ὅτι
1406 1920 1695 1983 Βυζάντιοι
1742 1918 1833 1974 καὶ

158 2009 526 2078 Καλχηδόνιοι
550 2008 716 2060 πάλιν
745 2008 1040 2075 κατάγουσι
1065 2009 1129 2060 τὰ
1154 2012 1316 2060 πλοῖα
1348 2006 1437 2060 καὶ
1470 2007 1833 2076 ἀναγκάζουυι

155 2099 249 2150 τὸν
275 2105 426 2148 σῖτον
454 2095 503 2148 ε’
481 2095 806 2200 ζαιρεῑσθαι,
840 2096 1167 2163 δανεισάιιεν
1159 2116 1231 2157 ος
1264 2094 1368 2163 ἐγὼ
1403 2095 1669 2166 ἀργύριον
1700 2094 1824 2166 παρ’

149 2182 483 2254 Ἀρχεδήμου
531 2203 631 2252 μεν
677 2191 776 2236 τοῦ
817 2180 1216 2253 Ἀναφλυστίου
1263 2185 1648 2236 πεντεκαιδεκα
1695 2193 1961 2254 μνᾶς1212

82 2303 85 2305 -
155 2271 432 2340 ἐπίτοκον,
482 2272 799 2333 ὀκτακοσίας
847 2268 906 2324 δε
947 2272 1190 2341 δραχμὰς
1227 2272 1372 2340 παρὰ
1411 2275 1695 2326 Νικίππου
1733 2282 1832 2327 τοῦ

155 2363 465 2429 ναυκλήρου
505 2360 765 2412 ναυτικὸν
807 2358 1130 2428 ἀνειλόμην,
1180 2359 1239 2421 ὃς
1278 2362 1465 2429 ἔτυχεν
1506 2360 1583 2413 ὢν
1622 2359 1681 2414 ἐν
1720 2365 1832 2430 Ση-

155 2456 283 2521 στῷ,
322 2448 609 2516 ἐπόγδοον,
647 2446 924 2509 σωθέντος
956 2444 1014 2500 δὲ
1047 2456 1145 2501 τοῦ
1177 2451 1373 2501 πλοίου
1409 2445 1669 2516 Ἀθήναζε
1702 2448 1832 2503 ἀπο-

156 2538 350 2590 δοῦναι
391 2536 521 2589 αὐτὸ
562 2533 651 2588 καὶ
690 2538 819 2598 τοὺς
857 2538 1076 2604 τόκους,
1127 2534 1217 2588 καὶ
1256 2535 1468 2605 πέμψας
1508 2536 1831 2605 Εὐκτήμονα

154 2626 249 2677 τὸν
288 2627 760 2694 πεντηκόνταρχον
808 2626 885 2686 εἰς
923 2625 1256 2692 Λάμψακον,
1308 2626 1440 2686 δοὺς
1479 2624 1624 2696 αὐτῷ
1665 2624 1832 2695 ἀργύ-

155 2732 276 2781 ριον
315 2711 404 2765 καὶ
444 2713 728 2780 γράμματα
774 2714 909 2782 πρὸς
958 2714 1086 2775 τοὺς
1132 2709 1322 2776 ξένους
1359 2721 1458 2766 τοῦ
1496 2714 1696 2782 πατρὸς
1733 2722 1832 2767 τοῦ

154 2799 306 2868 ἐμοῦ,
347 2798 602 2852 ἐκέλευσά
642 2819 734 2867 μοι
774 2800 942 2854 αὐτὸν
981 2801 1183 2862 ναύτας
1221 2801 1614 2868 μισθώσασθαι
1653 2801 1726 2863 ὡς
1762 2799 1832 2853 ἂν

154 2889 381 2957 δύνηται
422 2888 696 2958 ἀρίστους·
746 2886 910 2950 αὐτὸς
949 2885 997 2940 δ’
1044 2887 1342 2956 ὑπομείνας
1381 2886 1441 2940 ἐν
1481 2892 1678 2960 Σηστῷ
1719 2896 1833 2952 τοῖς
