2035 3158
107 890 147 922 25

105 1332 146 1364 26

105 1857 145 1890 27

103 2471 145 2503 ‘48

723 125 886 166 ΠΡΟΣ
917 125 1301 168 KAAAIHHON.
1757 123 1857 176 197

165 256 554 326 ἀπολήψεσθαι
592 259 737 328 παρὰ
776 261 944 327 φίλου
977 277 1037 326 γε
1071 259 1229 321 ὄντος
1261 258 1406 330 αὐτῷ
1440 257 1529 311 καὶ
1568 256 1860 328 προξένου,

172 346 224 397 εἰ
259 343 326 398 δέ
356 365 409 399 τι
446 346 638 414 πάθοι,
677 347 936 415 ἄντικρυς
967 348 1193 399 ἔσεσθαι
1236 347 1507 414 δεδωκώς,
1547 346 1727 416 ὥσπερ
1767 344 1859 399 καὶ

172 433 455 503 ἠβούλετο,
501 434 535 504 ἢ
582 432 668 488 ἐπὶ
707 441 769 503 τῇ
809 432 1041 504 τραπέζῃ
1081 439 1419 497 καταλιπεῖν;
1471 433 1575 502 ἐγὼ
1616 430 1716 503 μὲν
1754 434 1858 504 γὰρ

173 516 322 588 οἶμαι
368 520 545 575 ἐκεῖνο
592 520 683 574 καὶ
739 522 1085 592 δικαιότερον
1140 520 1230 574 καὶ
1286 521 1854 590 μεγαλοπρεπέστερον

171 604 327 661 εἶναι.
388 609 456 663 οὐ
488 613 679 664 τοίνυν
712 613 965 678 φαίνεται
997 611 1209 663 τούτων
1243 607 1410 664 οὐδὲν
1440 612 1689 678 ποιήσας,
1722 610 1858 663 ὥστε

172 695 261 749 καὶ
310 705 478 750 ταῦτα
527 698 660 766 ὑμῖν
711 699 971 767 τεκμήρια
1022 700 1184 767 ἔστω,
1235 698 1373 751 ἀλλὰ
1423 705 1496 769 τῷ
1538 698 1857 767 Κηφισιάδῃ
1882 716 1991 754 ιῑε43

171 782 262 836 καὶ
300 784 513 854 γράψας
550 784 641 838 καὶ
679 785 984 854 προστάξας
1023 785 1344 840 ἀποδοῦναι.

273 870 385 925 ’Έτι
424 877 617 927 τοίνυν
656 872 747 926 καὶ
787 873 906 927 τοδὶ
956 873 1233 939 σκέψασθε
1274 871 1315 928 ὦ
1356 877 1553 945 ἄνδρες
1592 876 1860 938 δικασταί,

170 959 254 1013 ὄτι
293 960 613 1025 Κάλλιππος
651 958 752 1030 μὲν
792 958 861 1030 ἦν
901 966 1124 1032 πολίτης
1163 963 1419 1033 ὑμέτερος
1459 961 1548 1016 καὶ
1589 963 1690 1016 οὐκ
1727 962 1858 1016 ἀδύ-

173 1067 332 1112 νατος
382 1049 644 1119 οὐδέτερα
694 1057 949 1119 ποιῆσαι,
1006 1052 1130 1103 οὔτε
1182 1061 1357 1115 κακῶς
1412 1052 1536 1106 οὔτε
1588 1047 1681 1120 εὖ,
1728 1050 1757 1105 ὁ
1799 1047 1859 1102 δὲ

169 1138 518 1206 Κηφισιάδης
563 1136 651 1190 καὶ
700 1136 947 1206 μέτοικος
993 1138 1084 1192 καὶ
1135 1136 1300 1192 οὐδὲν
1351 1137 1859 1208 δυνάμενος,’ὥστε

169 1226 242 1293 μὴ
295 1223 645 1295 προσθέσθαι
700 1225 769 1278 ἂν
824 1226 969 1293 παρὰ
1025 1228 1085 1280 τὸ
1142 1228 1358 1280 δίκαιον
1411 1234 1485 1299 τῷ
1540 1228 1858 1298 Κηφισιάδῃ

170 1316 380 1382 μᾶλλον
419 1315 515 1367 τὸν
553 1305 777 1382 πατέρα,
817 1313 849 1381 ἢ
884 1314 1058 1386 τούτῳ
1092 1314 1157 1366 τὰ
1198 1315 1382 1366 δίκαια
1420 1322 1658 1383 ποιῆσαι.
1721 1313 1859 1368 ἀλλὰ

168 1401 238 1469 νὴ
278 1404 421 1469 Δία,
473 1406 601 1463 ἴσως
641 1399 710 1453 ἂν
749 1406 926 1470 εἴποι,
976 1403 1283 1470 κερδαίνων
1333 1422 1384 1455 τι
1439 1404 1553 1474 ι’δίςι
1603 1404 1633 1457 ὁ
1682 1404 1857 1474 πατὴρ

170 1488 275 1542 ἀπὸ
325 1496 425 1541 τοῦ
476 1487 776 1558 ἀργυρίου,
835 1488 1025 1562 ἐκείνω
1083 1494 1293 1558 μᾶλλον
1351 1494 1707 1560 προσετίθετο
1757 1494 1858 1561 τὴν

168 1578 394 1646 γνώμην
432 1576 466 1646 ἢ
505 1578 696 1650 τούτῳ.
768 1574 883 1630 εἶτα
929 1588 1149 1645 πρῶτον
1198 1574 1300 1647 μὲν
1339 1581 1435 1632 τὸν
1476 1571 1858 1649 δυνησόμενον

170 1665 462 1718 διπλάσιον
499 1673 598 1718 τοῦ
638 1667 916 1734 λήμματος
954 1668 1124 1719 κακὸν
1163 1675 1388 1735 ποιῆσαι
1427 1667 1630 1736 ἠδίκει,
1677 1671 1859 1721 ἔπειτα

171 1738 413 1806 ἐνταῦθα
463 1748 563 1821 μὲν
614 1755 1004 1823 αἰσχροκερδὴς
1058 1750 1159 1823 ἦν,
1217 1756 1294 1817 εἰς
1346 1752 1406 1807 δὲ
1456 1757 1550 1818 τὰς
1598 1757 1859 1827 εἰσφορὰς

169 1839 260 1894 καὶ
299 1844 625 1912 λῃτουργίας
663 1840 753 1894 καὶ
794 1842 1024 1912 δωρειὰς
1055 1850 1118 1912 τῇ
1151 1845 1306 1897 πόλει
1347 1844 1438 1908 οὔ,
1477 1843 1568 1898 καὶ
1606 1854 1717 1898 τῶν
1756 1842 1858 1914 μὲν

170 1927 341 1993 ξένων
391 1927 594 1983 οὐδένα
643 1930 851 1998 ἠδίκει,
901 1931 1229 1984 Κάλλιππον
1282 1930 1367 1997 δε’;
1420 1931 1509 1985 καὶ
1549 1929 1734 2001 οὗτος,
1786 1934 1859 1997 ὥς

169 2032 366 2087 φησιν,
413 2018 486 2080 ὡς
534 2026 749 2090 χρηστῷ
801 2014 901 2087 μὲν
950 2019 1095 2090 αὐτῷ
1148 2021 1266 2072 ὄντι
1313 2018 1402 2072 καὶ
1452 2017 1618 2074 οὐδὲν
1655 2030 1857 2085 ψευσο-

170 2104 316 2178 μένςο
341 2105 507 2175 ὅρκον
541 2105 749 2175 ἐδίδου,
783 2107 855 2169 ὡς
885 2105 1010 2175 περὶ
1041 2116 1291 2176 πονηροῦ
1325 2104 1385 2160 δὲ
1409 2107 1499 2161 καὶ
1526 2108 1856 2178 ἀπαλείφον-

170 2213 259 2255 τος
289 2192 394 2246 ἀπὸ
426 2202 535 2245 τῶν
566 2200 1043 2263 παρακαταθηκῶν
1074 2193 1204 2247 νυνὶ
1238 2194 1566 2263 διαλε’γεται;
1609 2196 1858 2261 κάκεῖνος

171 2277 285 2334 οὔτ’
331 2280 528 2349 ὀμόσαι
565 2279 776 2350 θέλων,
822 2282 894 2345 ὡς
942 2279 1102 2345 οὗτός
1149 2298 1346 2352 φησιν,
1394 2281 1509 2337 οὔτ’
1557 2283 1858 2350 ἀποδιδοὺς

170 2368 271 2422 οὐκ
309 2369 481 2431 εὐθὺς
519 2368 587 2421 ἂν
629 2368 890 2438 ὠφλήκει;
933 2378 1008 2441 τῷ
1049 2379 1217 2424 ταῦτα
1254 2373 1416 2424 πιστὰ
1457 2368 1498 2425 ὦ
1540 2374 1737 2444 ἄνδρες
1776 2376 1857 2426 δι-

169 2459 384 2521 κασταίς
427 2455 531 2524 ἐγὼ
571 2453 671 2525 μὲν
711 2458 815 2528 γὰρ
851 2456 1042 2511 οὐδενὶ
1082 2455 1247 2527 οἶμαι.
1310 2457 1400 2512 καὶ
1442 2460 1470 2513 ὁ
1505 2458 1858 2531 Ἀρχεβιάδης

170 2546 248 2606 εἰς
283 2552 445 2599 τοῦτο
484 2547 825 2614 φαυλότητος
876 2546 1018 2614 ἥκει,
1068 2547 1204 2599 ὥστε
1251 2555 1351 2600 τοῦ
1391 2549 1720 2602 Καλλίππου
1763 2552 1856 2620 δη-

113 2648 118 2651 ·
170 2634 340 2700 μότου
380 2633 538 2694 ὄντος
578 2632 723 2703 αὐτῷ
765 2631 855 2685 καὶ
890 2633 1319 2703 πολιτευομένου
1360 2633 1450 2687 καὶ
1489 2635 1591 2688 οὐκ
1631 2638 1856 2692 ἰδιώτου

171 2720 329 2782 ὄντος
362 2730 778 2790 καταμαρτυρεῖ,
818 2719 907 2773 καὶ
939 2720 1109 2790 φησὶν
1139 2721 1279 2791 ἡμᾶς
1310 2719 1410 2791 μὲν
1442 2721 1624 2792 ἀληθῆ
1656 2724 1858 2795 λέγειν,

171 2815 370 2861 τοῦτον
409 2805 470 2861 δὲ
507 2809 844 2876 ψεύδεσθαι,
891 2808 981 2862 καὶ
1020 2817 1188 2863 ταῦτα
1228 2812 1388 2874 εἰδὼς
1427 2812 1534 2880 ὄτι,
1582 2812 1651 2865 ἂν
1698 2810 1859 2876 οὗτος

170 2896 436 2965 βούληται
470 2895 878 2965 ἐπισκήψασθαι
920 2897 1064 2968 αὐτῷ
1100 2907 1209 2950 τῶν
1243 2900 1734 2968 ψευδομαρτυριῶν
1767 2899 1857 2954 καὶ
