2035 3158
197 143 273 195 96
686 144 845 188 nm.
886 131 1404 203 [annom->Enorm-

195 275 621 346 ἐξηπατήθησαν
672 276 746 340 ὡς
791 275 972 345 ἀληθῆ
1018 277 1230 330 τούτων
1273 278 1732 346 μαρτυρούντων,
1771 277 1877 346 ἐγὼ

195 360 263 416 δὲ
312 363 694 433 ἀπεστερήθην
739 358 818 417 ὧν
864 364 896 419 ὁ
933 365 1108 433 πατήρ
1158 384 1252 433 μοι
1297 363 1544 418 κατέλιπε
1590 366 1880 436 χρημάτων
1923 390 1970 406 x-

199 449 288 503 καὶ
328 460 428 505 τοῦ
468 452 628 520 δίκην
675 455 864 521 λαβεῖν
907 450 1033 520 περὶ
1083 446 1160 504 ὧν
1199 450 1507 520 ἀδικοῦμαι.
1583 462 1879 523 μαρτυρεῖν

201 539 304 607 γὰρ
357 538 417 592 οἰ
464 541 625 607 νόμοι
680 539 782 592 οὐκ
837 538 1000 592 ἐῶσιν
1053 539 1221 593 αὐτὸν
1271 540 1417 612 αὑτῷ
1467 538 1583 594 οὔτ’
1627 539 1714 593 ἐπὶ
1764 549 1881 602 ταῖς

201 635 435 695 γραφαῖς
484 624 599 680 οὔτ’
655 626 741 681 ἐπὶ
791 636 907 689 ταῖς
953 628 1129 690 δίκαις
1175 625 1292 681 οὔτ’
1337 627 1396 680 ἐν
1446 638 1562 690 ταῖς
1599 628 1879 689 εὐθύναις.

202 713 230 766 ὁ
270 717 460 767 τοίνυν
509 717 771 783 Φορμίων
817 714 979 777 αὐτὸς
1029 714 1174 787 αὑτῷ
1223 716 1665 784 μεμαρτύρηκεν,
1719 715 1879 769 ὁπότε

177 800 371 868 ’φασὶν
404 798 556 855 οὗτοι
588 802 919 865 ἀκούσαντες
951 801 1164 856 ἐκείνου
1195 811 1362 855 ταῦτα
1394 801 1879 872 μεμαρτυρηκέναι.

132 901 178 931 ⁵0
203 889 292 941 ἳνα
326 886 384 942 δὲ
419 891 594 958 εἰδῆτε
626 889 880 959 ἀκριβῶς,
920 890 1088 944 αὐτὸν
1119 892 1217 944 τὸν
1247 893 1422 959 νόμον
1453 911 1547 959 μοι
1577 889 1879 959 ἀνάγνωθι.

924 1051 1150 1094 ΝΟΜΟΣ.

392 1152 508 1200 Τοῖν
547 1148 817 1200 ἀντιδίκοιν
857 1149 1124 1217 ἐπάναγκες
1170 1144 1296 1200 εἶναι
1334 1148 1702 1213 ἀποκρίνασθαι
1739 1149 1878 1214 ἀλλή-

275 1232 374 1288 λοις
406 1229 458 1280 τὸ
499 1229 837 1294 ἐρωτώμενον,
876 1235 1137 1295 μαρτυρεῖν
1178 1228 1230 1280 δὲ
1268 1231 1349 1294 μή.

314 1328 606 1392 Σκέψασθε
658 1333 850 1383 τοίνυν
899 1328 1117 1383 τουτονὶ
1168 1331 1265 1384 τὸν
1311 1333 1516 1399 νόμον,
1568 1329 1628 1393 ὃς
1673 1331 1880 1383 κελεύει

197 1415 497 1480 ὑποδίκους
550 1414 690 1470 εἶναι
745 1427 854 1471 τῶν
900 1419 1394 1486 ψευδομαρτυριῶν
1440 1416 1531 1470 καὶ
1577 1416 1693 1471 κατ’
1746 1418 1879 1472 αὐτὸ
1898 1440 2011 1481 113«,

198 1511 388 1572 τοῦτο,
427 1505 510 1558 ὄτι
548 1515 815 1575 μαρτυρεῖ
848 1507 993 1573 παρὰ
1031 1508 1129 1560 τὸν
1169 1508 1360 1574 νόμον.

924 1667 1148 1710 ΝΟΜΟΣ.

375 1766 530 1817 Έστω
571 1766 622 1817 δὲ
661 1766 744 1817 καὶ
789 1765 1024 1827 ὑπόδικος
1058 1767 1169 1816 ’τῶν
1207 1766 1651 1832 ψευδομαρτυριῶν
1691 1763 1718 1816 ὃ
1756 1785 1879 1831 μαρ-

272 1847 484 1911 τυρήσας
516 1847 668 1899 αὐτοῦ
700 1849 894 1911 τούτου,
935 1848 1006 1898 ὅτι
1036 1853 1275 1911 μαρτυρεῖ
1297 1846 1428 1910 παρὰ
1459 1846 1543 1897 τὸν
1582 1846 1759 1911 νόμον·
1797 1845 1880 1896 καὶ

271 1924 297 1977 ὃ
336 1928 703 1992 προβαλόμενος
741 1928 863 1978 κατὰ
901 1928 1064 1978 ταύτά.

129 2045 174 2075 11
298 2025 410 2080 Ἔτι.
443 2031 633 2081 τοίνυν
666 2027 767 2081 κᾶν
801 2027 904 2082 ἀπὸ
937 2036 1035 2082 τοῦ
1073 2031 1442 2097 γραμματείου
1481 2030 1638 2096 γνοιή
1678 2046 1778 2095 τις,
1817 2026 1878 2080 ἐν

197 2108 242 2186 ᾦ
281 2114 314 2184 ἡ
354 2119 625 2184 μαρτυρία
656 2114 971 2184 γέγραπται,
1011 2116 1093 2168 ὅτι
1131 2116 1196 2168 τὰ
1231 2117 1409 2183 ψευδῆ
1449 2116 1877 2184 μεμαρτύρηκεν.

198 2202 605 2272 λελευκωμένον
654 2223 706 2256 τε
754 2204 856 2272 γάρ
909 2202 1022 2256 ἐστι
1060 2201 1152 2256 καὶ
1191 2209 1416 2256 οἴκοθεν
1455 2201 1878 2270 κατεσκευασμέ-

195 2310 312 2344 νον.
384 2294 557 2345 καίτοι
613 2294 740 2354 τοὺς
792 2288 893 2360 μὲν
946 2292 1012 2344 τὰ
1066 2289 1416 2360 πεπραγμένα
1470 2297 1878 2359 μαρτυροῦντας

195 2381 457 2447 προσήκει
489 2385 713 2433 οἴκοθεν
745 2380 840 2442 τὰς
870 2383 1169 2448 μαρτυρίας
1208 2376 1705 2446 κατεσκευασμένας
1742 2397 1877 2446 μαρ-

193 2477 413 2535 τυρεῖν,
461 2470 586 2530 τοὺς
637 2465 697 2520 δὲ
747 2468 841 2529 τὰς
886 2470 1210 2535 προκλήσεις
1258 2474 1698 2535 μαρτυροῦντας,
1750 2467 1878 2527 τοὺς

193 2554 302 2608 ἀπὸ
349 2554 689 2623 ταύτομάτου
738 2555 1106 2622 προστάντας,
1152 2553 1212 2607 ἐν
1259 2554 1445 2623 μάλθῃ
1496 2550 1876 2621 γεγραμμένην

192 2644 296 2710 τὴν
326 2646 650 2711 μαρτυρίαν,
683 2639 758 2695 ἵν’
789 2647 919 2695 εἴτι
949 2642 1298 2710 προσγράψαι
1330 2641 1363 2710 ἢ
1396 2640 1688 2703 ἀπαλεῖψαι
1721 2639 1876 2708 ἐβου·

200 2733 344 2798 λήθη
387 2727 585 2800 ῥᾴδιον
626 2724 710 2798 ἦν.

130 2835 172 2865 12
309 2818 529 2871 Οὐκοῦν
561 2819 694 2871 κατὰ
727 2814 828 2886 μὲν
853 2826 1019 2871 ταῦτα
1049 2817 1224 2870 πάντα
1257 2815 1586 2886 ἐξελέγχεται
1610 2816 1675 2869 τά
1698 2818 1875 2884 ψευδῆ

192 2907 620 2974 μεμαρτυρηκὼς
660 2904 749 2957 καὶ
789 2905 933 2974 παρὰ
974 2906 1069 2958 τὸν
1107 2907 1301 2973 νόμον·
1343 2905 1611 2973 βούλομαι
1651 2901 1701 2957 δ’
1744 2903 1878 2973 ὑμῖν
