2035 3158
153 166 258 220 196
666 168 762 208 L11.
813 165 1317 223 [ΔΗΜΟΣΘΕΝΟΤΣ]

149 309 308 354 τοῦτο
350 297 490 352 εἶναι
529 301 664 366 πρὸς
702 300 802 367 τὴν
843 297 1160 362 ἀλαζονείαν
1202 299 1301 366 τὴν
1350 297 1548 351 τούτου
1588 304 1687 350 τοῦ
1723 297 1827 366 ‹poi-

150 401 375 448 σκοντος
429 387 572 458 αὐτῷ
639 386 873 455 δωρειὰν
934 386 1171 453 δοθῆναι
1224 387 1285 439 τὸ
1339 383 1604 454 ἀργύριον
1664 393 1824 437 τοῦτο

149 476 293 543 παρὰ
345 482 442 526 τοῦ
493 475 771 536 Λύκωνος.
846 472 1051 535 ἐκεῖνος
1099 474 1202 541 γὰρ
1252 472 1643 538 τετταράκοντα
1689 479 1827 540 μνᾶς

150 564 371 614 ἔκδοσιν
420 561 612 623 ἐκδοὺς
660 563 737 623 εἰς
774 559 943 629 ’Ἀκην
993 560 1342 628 Μεγακλείδῃ
1393 566 1466 630 τῷ
1512 556 1825 631 Ἐλευσινίω

148 647 240 701 καὶ
289 649 590 720 Θρασύλλῳ
642 654 715 719 τῷ
767 646 986 718 ἀδελφῷ
1036 646 1233 714 αὐτοῦ,
1291 645 1592 716 μεταδόξαν
1641 645 1826 709 αὐτοῖς

150 737 222 804 μὴ
277 735 446 788 ἐκεῖσε
496 740 652 788 πλεῖν
703 732 840 804 μηδὲ
890 735 1266 808 κινδυνεύειν,
1317 733 1606 802 ἐγκαλέσας
1652 753 1704 787 τι
1750 743 1824 805 τῷ

153 824 501 894 ,Μεγακλείδῃ
549 821 671 890 περὶ
718 833 827 876 τῶν
873 826 1049 876 τόκων
1095 821 1167 884 ὡς
1214 821 1607 890 ἐξηπατημένος
1647 820 1825 890 διεφέ-

154 931 275 979 ρετο
325 909 415 963 καὶ
467 911 766 978 ἐδικάζετο,
817 913 1151 978 βουλόμενος
1200 910 1299 977 τὴν
1347 911 1566 962 ἔκδοσιν
1604 913 1953 978 κομίσα-1242
2009 912 2031 1014 ἰ

88 1015 128 1045 21
155 1003 302 1051 σθαι.
367 1007 567 1068 συχνῆς
602 995 660 1050 δὲ
693 999 837 1050 πάνυ
869 1000 1233 1067 πραγματείας
1271 996 1395 1064 περὶ
1432 1005 1667 1050 τοσαῦτα
1698 1000 1826 1066 χρή-
2019 1013 2031 1060 3

151 1105 290 1154 ματα
322 1086 642 1155 γενομένης,
682 1088 777 1139 τὸν
810 1082 910 1154 μὲν
942 1086 1264 1138 Κάλλιππον
1298 1086 1325 1139 ὁ
1359 1085 1561 1137 Λύκων
1593 1083 1831 1154 οὐδαμοῖ
2020 1089 2030 1101 ”

152 1174 365 1226 πώποτε
405 1174 762 1243 παρεκάλεσε,
809 1174 904 1226 τὸν
952 1171 1009 1225 δὲ
1045 1170 1400 1242 Ἀρχεβιάδην
1438 1170 1527 1224 καὶ
1565 1174 1692 1234 τοὺς
1729 1182 1826 1226 τοῦ
2017 1183 2031 1244 g

146 1257 501 1329 Ἀρχεβιάδου
540 1262 761 1328 φίλους,
800 1257 887 1311 καὶ
929 1259 956 1311 ὁ
998 1258 1285 1321 διαλλάξας
1323 1259 1521 1320 αὐτοὺς
1554 1256 1826 1329 Ἀρχεβιά-

155 1349 253 1416 δης
290 1344 371 1415 ἦν.
436 1348 506 1409 ὡς
546 1345 605 1400 δὲ
647 1346 826 1416 ἀληθῆ
869 1346 1034 1415 λέγω,
1082 1347 1289 1399 τούτων
1336 1346 1467 1414 ὑμῖν
1515 1346 1683 1401 αὐτὸν
1730 1349 1826 1400 τὸν

153 1437 541 1503 Μεγακλείδην
581 1434 827 1503 μάρτυρα
864 1432 1173 1503 παρέξομαι.

836 1595 1149 1635 ΜΑΡΤΥΡΙΑ.

91 1716 131 1747 22
271 1698 486 1751 Οὑτωσὶ
533 1696 632 1768 μὲν
678 1699 888 1760 οἰκείως
933 1700 1183 1766 φαίνεται
1230 1698 1506 1767 χρώμενος
1552 1693 1594 1750 ὦ
1634 1699 1831 1766 ἄνδρες

157 1784 404 1840 δικασταὶ
445 1786 472 1840 ὁ
513 1787 715 1839 Λύκων
754 1793 827 1856 τῷ
872 1787 1197 1857 Καλλίππῳ,
1245 1786 1380 1837 ὥστε
1420 1788 1551 1854 μήτε
1590 1804 1830 1854 παρακα-

157 1879 272 1927 λεῖν
313 1873 480 1926 αὐτὸν
521 1872 605 1926 ε’πὶ
645 1874 708 1925 τά
756 1874 926 1925 αὑτοῦ
972 1873 1282 1942 πράγματα,
1328 1874 1459 1941 μήτε
1498 1874 1829 1941 κατάγεσθαι

157 1962 229 2024 ὡς
265 1970 462 2015 τοῦτον
501 1961 872 2028 μηδεπώποτε·
920 1956 1009 2011 καὶ
1056 1959 1187 2011 αὐτό
1236 1977 1294 2025 γε
1341 1968 1501 2012 τοῦτο
1550 1963 1724 2027 μόνον
1764 1961 1830 2014 οὐ

158 2052 550 2118 τετολμήκασιν
592 2049 648 2100 οἱ
684 2049 874 2100 οἰκεῖοι
907 2047 965 2099 οὗ
990 2048 1187 2099 τούτου
1227 2055 1585 2115 μαρτυρῆσαι,
1630 2048 1702 2110 ὡς
1739 2069 1830 2101 κα-

159 2140 347 2206 τήγετο
387 2137 530 2204 παρὰ
569 2136 740 2207 τούτῳ
783 2135 1015 2202 ἐκεῖνος,
1065 2130 1126 2187 εὗ
1174 2135 1376 2197 εἰδότες
1415 2134 1497 2188 ὅτι
1538 2135 1628 2187 διὰ
1666 2137 1830 2205 βασά-

159 2245 261 2278 νου
301 2223 361 2276 ἐκ
399 2234 508 2276 τῶν
549 2226 773 2277 οἰκετῶν
814 2223 841 2276 ὁ
884 2225 1098 2292 ἔλεγχος
1146 2224 1247 2290 ἤδη
1297 2225 1501 2289 ἔσοιτο,
1548 2229 1603 2276 εἴ
1633 2244 1684 2276 τι
1723 2244 1831 2278 τοι·

94 2329 135 2361 23
161 2321 289 2365 οῦτο
338 2313 644 2375 ψεύσοιντο.
714 2312 982 2379 βούλομαι
1039 2307 1087 2362 δ’
1133 2310 1263 2379 ὑμῖν
1311 2309 1399 2362 καὶ
1446 2313 1736 2380 τεκμήριόν
1782 2333 1829 2364 τι

160 2402 330 2453 εἰπεῖν
363 2403 702 2466 τηλικοῦτον,
742 2392 783 2469 ᾧ
819 2400 988 2465 δῆλον
1021 2397 1152 2465 ὑμῖν
1186 2400 1350 2465 ἔσται,
1392 2399 1462 2460 ὡς
1495 2398 1598 2467 ἐγὼ
1631 2405 1832 2468 οἴομαι,

161 2488 243 2541 ὅτι
292 2487 466 2539 πάντα
516 2487 650 2554 πρὸς
698 2485 838 2554 ὑμᾶς
896 2488 1163 2547 ἔψευσται.
1238 2493 1309 2555 τῷ
1363 2487 1464 2554 γὰρ
1515 2487 1739 2539 Λύκωνι
1790 2483 1831 2539 ὦ

162 2576 358 2643 ἄνδρες
399 2575 664 2641 δικασταί,
705 2579 851 2640 εἴπερ
886 2573 1146 2641 ἠσπάζετο
1181 2569 1278 2640 μὲν
1313 2582 1507 2626 τοῦτον
1545 2572 1634 2626 καὶ
1674 2576 1832 2627 οἰκεί-

163 2684 235 2726 ως
285 2659 459 2732 εἷχεν,
510 2662 687 2730 ὥσπερ
741 2657 900 2722 οὗτός
950 2676 1146 2730 φησιν,
1199 2660 1451 2728 ἐβούλετο
1500 2658 1560 2714 δὲ
1599 2662 1835 2731 δωρειὰν

98 2765 141 2797 22
166 2753 359 2804 δοῦναι
399 2749 565 2821 αὐτῷ,
604 2754 660 2801 εἴ
691 2768 740 2800 τι
779 2749 969 2816 πάθοι,
1008 2750 1067 2801 τὸ
1109 2747 1398 2817 ἀργύριον,
1438 2751 1669 2818 πότερον
1708 2750 1833 2803 κάλ-

166 2843 287 2891 λιον
333 2834 401 2905 ἧν
449 2838 704 2905 ἄντικρυς
749 2835 892 2905 παρὰ
945 2843 1018 2906 τῷ
1069 2838 1367 2908 Καλλίππῳ
1413 2839 1726 2889 καταλιπεῖν
1773 2839 1833 2891 τὸ

167 2924 462 2993 ἀργύριον,
521 2923 549 2976 ὃ
602 2926 785 2992 ἔμελλε
838 2921 1037 2985 σωθεὶς
1094 2919 1193 2992 μὲν
1245 2923 1427 2991 ὀρθῶς
1476 2921 1564 2975 καὶ
1616 2925 1835 2986 δικαίως
