2035 3158
152 141 261 192 200
652 143 773 184 L111.
818 140 1254 198 [AHMOZOENO'I
1262 143 1320 197 Σ]

152 283 272 326 εἷται
312 275 377 337 ὡς
418 277 558 326 ἰδίων
596 275 678 325 καὶ
717 275 886 347 ἐκείνῳ
932 276 1282 342 προσηκόντων
1322 275 1482 327 οὐδέν.
1549 275 1652 326 ἐπεὶ
1689 273 1742 326 δὲ
1778 275 1833 326 τὸ

152 366 348 423 πρᾶγμα
401 357 681 423 μοχθηρόν,
741 356 820 406 διὰ
872 351 1019 406 τοῦθ’
1081 355 1105 407 ὃ
1156 357 1314 424 ῥήτωρ
1372 358 1606 423 διηγεῖται
1653 356 1834 420 πηλίκα

152 437 404 487 πέπονθεν
432 431 798 502 Ἀπολλόδωρος
828 431 914 485 ὑπ’
946 431 1282 502 Ἀρεθουσίου,
1322 437 1402 486 ἴνα
1433 438 1555 506 δοκῇ
1591 435 1657 500 μὴ
1689 434 1834 498 φύσει
1850 440 1974 498 1246·

151 517 368 583 πονηρὸς
401 515 471 567 ὢν
501 525 650 566 ταῦτα
687 518 929 583 πράττειν,
974 511 1076 565 ἀλλ’
1106 515 1412 582 ἀμυνόμενος
1441 516 1527 567 τὸν
1557 514 1834 565 ἀδικοῦντα.

248 708 364 762 ’Ὅτι
420 707 519 779 μὲν
575 710 641 763 οὐ
703 721 1090 780 συκοφαντῶν,
1155 708 1272 764 ἀλλ’
1333 710 1692 779 ἀδικούμενος
1743 706 1833 761 καὶ

152 797 506 865 ὑβριζόμενος
556 798 662 851 ὑπὸ
713 799 923 851 τούτων
973 796 1068 850 καὶ
1120 799 1372 866 οἰόμενος
1421 799 1538 851 δεῖν
1588 806 1834 871 τιμωρεῖ-

154 888 285 937 σθαι
324 885 423 952 τὴν
463 884 788 955 ἀπογραφὴν
831 885 1192 954 ἐποιησάμην,
1231 883 1486 953 μέγιστον
1525 885 1657 954 ὑμῖν
1697 887 1833 937 ἔστω

153 974 443 1041 τεκμήριον
484 969 524 1024 ὦ
566 975 761 1041 ἄνδρες
802 972 1051 1026 δικασταὶ
1101 975 1162 1027 τό
1209 993 1264 1026 τε
1304 972 1536 1042 μέγεθος
1573 981 1666 1041 τῆς
1705 972 1835 1026 ἀπο·

155 1067 382 1129 γραφῆς,
421 1058 509 1112 καὶ
551 1060 631 1113 ὅτι
671 1061 832 1131 αὐτὸς
881 1060 985 1128 ε’γὼ
1038 1059 1337 1128 ἀπέγραψα.
1407 1060 1473 1113 οὐ
1511 1061 1615 1129 γὰρ
1656 1061 1834 1129 δήπου

154 1157 519 1217 συκοφαντεῖν
567 1167 626 1215 γε
675 1151 1014 1216 βουλόμενος
1061 1147 1347 1217 ἀπέγραψα
1394 1147 1462 1201 ἂν
1507 1142 1669 1200 πένθ’
1712 1148 1834 1217 ἡμι·

153 1238 364 1304 μναίων
404 1234 525 1299 ἀξια
566 1234 903 1303 ἀνδράποδα,
943 1236 1015 1297 ὡς
1047 1235 1209 1298 αὐτὸς
1242 1235 1270 1289 ὁ
1305 1234 1660 1305 ἀμφισβητῶν
1699 1238 1834 1289 τετί-

152 1344 313 1392 μηται
363 1323 518 1391 αὐτά,
575 1323 929 1377 ἐκινδύνευον
979 1320 1027 1376 δ’
1076 1323 1144 1376 ἂν
1191 1326 1320 1391 περί
1359 1343 1415 1375 τε
1462 1327 1653 1393 χιλίων
1704 1324 1834 1392 δρα-

151 1421 333 1481 χμῶν,
384 1409 472 1463 καὶ
522 1419 620 1464 τοῦ
660 1410 927 1478 μηδέποτε
969 1410 1177 1480 μηδένα
1216 1407 1381 1473 αὖθις
1419 1407 1555 1479 ὑπὲρ
1596 1411 1834 1480 ἐμαυτοῦ

154 1500 494 1568 γράψασθαι·
549 1496 667 1552 οὐδ’
725 1495 795 1550 αὖ
844 1499 1016 1561 οὕτως
1068 1501 1272 1568 ἄπορος
1322 1496 1391 1566 ἦν
1442 1496 1561 1552 οὐδ’
1617 1500 1832 1568 ἄφιλος,

111 1611 126 1634 ·-
154 1585 277 1639 ὥστ’
325 1587 425 1641 οὐκ
463 1586 531 1640 ἂν
573 1586 812 1656 ἐξευρεῖν
857 1588 954 1640 τὸν
994 1586 1405 1655 ἀπογράψοντα·
1447 1586 1583 1639 ἀλλὰ
1621 1596 1731 1640 τῶν
1770 1585 1831 1640 ἐν

151 1674 469 1742 ἀνθρώποις
502 1673 757 1727 ἁπάντων
788 1675 1132 1743 ἡγησάμενος
1172 1676 1490 1727 δεινότατον
1522 1670 1684 1742 εἶναι,
1714 1672 1832 1726 ἀδι-

151 1768 368 1815 κεῖσθαι
408 1758 507 1830 μὲν
555 1758 742 1830 αὐτός,
791 1762 979 1832 ἕτερον
1029 1761 1075 1814 δ’
1124 1759 1260 1831 ὑπὲρ
1303 1761 1436 1831 ἐμοῦ
1475 1770 1574 1815 τοῦ
1614 1760 1832 1814 ἀδικου-

151 1848 320 1918 μένου
351 1851 593 1918 τοῦνομα
625 1849 901 1920 παρέχειν,
939 1849 1028 1903 καὶ
1072 1847 1213 1903 εἶναι
1246 1851 1315 1903 ἄν
1347 1870 1396 1903 τι
1427 1851 1640 1912 τούτοις
1669 1857 1832 1903 τοῦτο

150 1939 460 2007 τεκμήριον,
501 1938 659 1991 ὁπότε
702 1937 806 2005 ἐγὼ
848 1937 1060 2006 λέγοιμι
1107 1939 1206 2006 τὴν
1256 1940 1462 2007 ἔχθραν
1501 1938 1636 2006 πρὸς
1673 1937 1832 2005 ὑμᾶς,

149 2026 221 2088 ὡς
252 2027 545 2094 ψεύδομαι·
586 2026 652 2078 οὐ
685 2026 788 2094 γὰρ
822 2027 890 2078 ἄν
927 2044 1054 2079 ποτε
1089 2025 1277 2094 ἕτερον
1310 2024 1643 2094 ἀπογράψαι,
1681 2030 1831 2094 εἴπερ

149 2112 252 2180 ἐγὼ
294 2114 455 2176 αὐτὸς
494 2114 815 2182 ἠδικούμην.
881 2114 971 2166 διὰ
1010 2110 1110 2182 μὲν
1145 2111 1298 2165 ταῦτ’
1340 2111 1639 2181 ἀπέγραψα.
1701 2112 1832 2166 ἀπο-

149 2201 359 2270 γράψας
391 2197 450 2253 δὲ
485 2200 579 2253 ἐὰν
612 2200 882 2264 ἀποδείξω
915 2200 1268 2269 τάνδράποδα
1288 2189 1648 2270 Ἀρεθουσίου
1680 2203 1831 2269 ὄντα,

150 2285 316 2358 οὗπερ
367 2287 662 2357 ἐγέγραπτο
711 2285 879 2356 εἶναι,
927 2289 992 2341 τὰ
1039 2285 1138 2357 μὲν
1187 2292 1309 2358 τρία
1349 2287 1512 2358 μέρη,
1552 2288 1584 2341 ἃ
1626 2287 1684 2341 ἐκ
1721 2286 1959 2344 τῶν1247

150 2379 336 2445 νόμων
377 2385 448 2447 τῷ
493 2378 680 2446 ἰδιώτῃ
721 2384 794 2448 τῷ
838 2376 1216 2445 ἀπογράψαντι
1256 2379 1525 2445 γίγνεται,
1573 2383 1636 2445 τῇ
1675 2379 1830 2429 πόλει

107 2479 124 2496 ⁹
152 2464 374 2533 ἀφίημι,
421 2464 565 2535 αὐτῷ
617 2462 664 2516 δ’
714 2463 833 2532 ε’μοὶ
880 2468 1284 2532 τετιμωρῆσθαι
1332 2462 1489 2533 ἀρκεῖ
1530 2466 1719 2532 μόνον.
1781 2465 1835 2516 εἰ

150 2549 249 2620 μὲν
301 2547 402 2604 οὗν
453 2571 545 2619 μοι
596 2547 665 2619 ἦν
718 2552 909 2604 ἱκανὸν
960 2553 1020 2604 τὸ
1070 2551 1222 2620 ὕδωρ
1275 2552 1646 2618 διηγήσασθαι
1696 2552 1832 2620 πρὸς

94 2633 97 2636 ’
152 2639 288 2707 ὑμᾶς
335 2638 387 2702 ἐξ
436 2638 626 2708 ἀρχῆς,
674 2636 754 2691 ὄσ’
802 2638 985 2706 ἀγαθὰ
1039 2640 1374 2699 πεπονθότες
1420 2635 1512 2690 ὑπ’
1559 2637 1694 2707 ἐμοῦ
1740 2631 1830 2691 οἶά

151 2746 214 2794 με
255 2725 601 2796 εἰργασμένοι
640 2727 806 2794 εἰσίν,
854 2722 916 2778 εὖ
956 2722 1059 2779 οἶδ’
1107 2726 1188 2778 ὅτι
1229 2726 1381 2794 ὑμεῖς
1418 2723 1460 2776 τ’
1509 2726 1578 2777 ἄν
1617 2745 1710 2793 μοι
1750 2727 1828 2778 ἔτι

151 2818 359 2882 μᾶλλον
400 2814 728 2882 συγγνώμην
768 2819 933 2883 εἴχετε
973 2822 1070 2866 τοῦ
1112 2813 1423 2882 ὀργίζεσθαι
1464 2811 1666 2880 αὐτοῖς,
1698 2813 1829 2866 τού-

149 2922 278 2962 τους
316 2899 360 2953 τ’
407 2900 808 2963 ἀνοσιωτάτους
848 2900 1159 2969 ἀνθρώπων
1201 2900 1480 2969 ἡγήσασθε
1522 2896 1683 2953 εἶναι·
1722 2907 1828 2952 νῦν
