2035 3158
748 158 912 199 ΠΡΟΣ
942 157 1299 199 ΠοΛΤΚΛΕΑ.
1761 150 1861 207 ΓΠ,

190 288 500 359 ἀποπέμψαι
538 290 682 362 αὐτῷ
715 291 906 359 τριήρη
938 289 1038 358 τὴν
1070 289 1264 358 ἄριστα
1294 286 1588 356 πλεόυσαν,
1627 284 1701 340 ἵν’
1745 284 1862 355 ἀφί·

191 398 345 448 κηται
370 378 443 441 ὡς
466 377 649 430 αὐτόν.
711 376 884 439 εὐθὺς
916 371 1018 429 οὗν
1050 384 1113 446 τῇ
1145 375 1404 447 ὑστεραίᾳ
1443 377 1552 445 ἅμα
1591 382 1654 445 τῇ
1694 371 1867 444 ἡμέρα

190 467 219 520 ὁ
258 464 529 535 ὑπηρέτης
579 463 762 518 ἐλθὼν
813 462 1063 517 ἐκέλευσέ
1111 483 1178 533 με
1227 468 1414 517 καλεῖν
1461 465 1538 526 εἰς
1586 464 1686 531 τὴν
1725 467 1867 514 ναῦν

122 572 165 604 4¹1
190 556 319 617 τοὺς
364 554 580 615 ναύτας.
643 550 757 604 ἐπεὶ
797 548 866 604 ’δὲ
912 554 1120 622 πλήρης
1158 547 1257 620 ἦν,
1297 551 1582 620 ἀναβαίνει
1624 549 1866 602 Κάλλιπ-

187 660 289 704 πος
327 641 356 695 ὁ
399 643 651 702 Φίλωνος
690 639 718 694 ὁ
759 638 1064 708 Αἰξωνεύς,
1110 638 1200 693 καὶ
1238 641 1427 710 φράζει
1466 641 1602 709 πρὸς
1638 640 1736 691 τὸν
1772 657 1866 690 κυ-

187 731 457 799 βερνήτην
496 729 592 781 τὸν
625 726 711 780 ε’πὶ
742 729 1095 791 Μακεδονίας
1131 732 1308 781 πλοῦν
1347 731 1520 781 πλεῖν.
1582 725 1768 794 ἐπειδὴ
1809 721 1858 777 δ’

189 815 499 886 ἀφικόμεθα
559 818 638 879 εἰς
690 820 892 887 χωρίον
946 836 998 869 τι
1052 815 1112 869 ἐν
1166 824 1228 886 τῇ
1284 804 1586 886 άπαντικρὺ
1641 815 1868 886 ἠπείρῳ,

189 907 410 958 Θασίων
434 903 717 974 ἐμπόριον,
749 902 838 957 καὶ
870 903 1122 973 ἐκβάντες
1147 906 1669 975 ἠριστοποιούμεθα,
1700 915 1866 971 προσ-

188 991 405 1062 έρχεταί
437 1012 530 1062 μοι
568 1003 679 1046 τῶν
717 1002 935 1046 ναυτῶν
970 996 1278 1062 Καλλικλῆς
1313 991 1666 1063 Ἐπιτρέφους
1702 991 1867 1060 Θριά-

188 1094 334 1148 σιος,
394 1079 568 1150 λέγων
623 1081 706 1133 ὅτι
759 1082 1014 1150 βούλοιτό
1070 1100 1161 1149 μοι
1217 1083 1576 1151 διαλεχθῆναι
1630 1079 1762 1149 ε’μόν
1814 1098 1866 1132 τι

187 1176 424 1238 πρᾶγμα.
487 1169 845 1231 κελεύσαντος
893 1167 958 1221 δέ
991 1189 1124 1238 μου,
1172 1168 1316 1237 λέγει
1357 1170 1439 1223 ὅτι
1477 1169 1735 1238 βούλοιτό
1773 1186 1867 1236 μοι

187 1258 348 1326 χάριν
386 1255 691 1310 ἀποδοῦναι
731 1254 857 1310 καθ’
905 1257 934 1309 ὅ
973 1276 1025 1309 τι
1076 1257 1306 1310 δύναται
1353 1252 1431 1310 ὧν
1478 1256 1624 1328 αὐτῷ
1664 1255 1867 1324 ἀπορη-

70 1348 73 1350 ’
122 1344 346 1399 ιεθέντι
386 1347 578 1398 ἔδωκα.
641 1344 737 1398 εσὺ
777 1341 906 1398 οὖν’
948 1347 1050 1414 ἔφη
1093 1345 1216 1399 (τὸν
1254 1349 1432 1398 πλοῦν
1463 1354 1660 1398 τοῦτον
1700 1340 1867 1397 οἶσθα

189 1431 276 1502 ἐφ’
320 1432 350 1486 ὅ
389 1453 440 1486 τι
479 1437 632 1496 πλεῖς
673 1432 706 1502 ἣ
738 1432 884 1496 ποῖ;’
923 1431 1365 1502 ἀποκριναμένου
1406 1432 1470 1486 δέ
1497 1453 1604 1502 μου
1645 1433 1727 1486 ὅτι
1767 1431 1868 1485 οὐκ

188 1522 419 1590 εἰδείην,
466 1519 609 1574 (ἀλλ’
657 1520 761 1589 ἐγώ
803 1522 917 1575 σοι’
957 1524 1058 1591 ἔφη
1108 1521 1262 1590 ‘5965-
1333 1523 1420 1574 δεῖ
1461 1521 1564 1590 γάρ
1605 1534 1664 1573 σε
1704 1519 1867 1574 ἀκού-

189 1623 359 1662 σαντα
397 1609 580 1678 ὀρθῶς
618 1610 1044 1678 βουλεύσασθαι.
1116 1609 1329 1678 μέλλεις
1367 1608 1498 1678 γὰρ’
1538 1611 1639 1677 ἔφη
1670 1608 1695 1665 «ἶ
1712 1609 1866 1676 ἄγειν

188 1698 365 1766 ἄνδρα
413 1698 667 1766 φυγάδα,
718 1693 785 1751 οὗ
821 1694 1106 1766 Ἀθηναῖοι
1153 1697 1400 1750 θάνατον
1449 1695 1533 1759 δὶς
1571 1700 1867 1766 κατεψηφί-

190 1799 376 1852 σαντο,
416 1787 825 1854 Καλλίστρατον
858 1785 915 1838 ἐκ
940 1786 1221 1854 ιΜεθώνης
1259 1787 1336 1849 εἰς
1376 1785 1561 1839 Θάσον
1602 1785 1675 1847 ὡς
1706 1787 1754 1836 Τ
1751 1787 1868 1854 ιμό-

190 1892 364 1942 μαχον
402 1874 499 1926 τὸν
538 1874 822 1943 κηδεστήν,
864 1874 936 1937 ὡς
968 1873 1101 1941 ἐγὼ’
1142 1877 1244 1943 ἔφη
1278 1872 1573 1943 (πέπυσμαι
1606 1883 1714 1926 τῶν
1746 1877 1868 1926 παί-

191 1962 308 2013 δων
345 1969 455 2023 τῶν
495 1962 835 2014 Καλλίππου.
898 1963 965 2014 σὺ
1008 1957 1134 2029 οὗν,
1176 1961 1272 2014 ἐὰν
1312 1969 1628 2031 σωφρονῇς,
1669 1960 1868 2015 οὐδένα

189 2057 301 2101 τῶν
349 2051 671 2118 φευγόντων
723 2049 898 2112 ἐάσεις
947 2048 1033 2102 ἐπὶ
1084 2051 1182 2118 τὴν
1231 2057 1373 2103 ναῦν
1419 2049 1761 2118 ἀναβαίνειν·
1802 2050 1869 2107 οὐ

123 2124 295 2204 ω’γὰρ
328 2135 490 2189 ε’ῶσιν
522 2137 580 2189 οἶ
613 2137 817 2206 νόμοι.’
877 2136 1114 2200 ἀκούσας
1154 2135 1203 2190 δ’
1250 2137 1354 2205 ἐγὼ
1394 2146 1562 2190 ταῦτα
1600 2146 1698 2191 τοῦ
1723 2140 1868 2190 Καλ-

192 2222 439 2286 λικλέους
475 2222 842 2294 προσέρχομαι
880 2232 954 2296 τῷ
989 2227 1310 2297 Καλλίππῳ,
1348 2223 1438 2278 καὶ
1479 2224 1658 2295 ἐρωτῶ
1699 2225 1867 2279 αὐτὸν

193 2311 318 2365 ὅποι
362 2331 418 2365 τε
463 2312 561 2365 τὸν
605 2316 783 2366 πλοῦν
831 2322 1063 2366 ποιεῖται
1112 2311 1202 2365 καὶ
1250 2311 1338 2365 ἐπὶ
1383 2316 1518 2366 τίνα.
1582 2313 1867 2383 διαχλευά-

193 2414 390 2462 σαντος
421 2396 469 2451 δ’
509 2399 680 2454 αὐτοῦ
719 2420 783 2468 με
823 2398 912 2452 καὶ
952 2399 1344 2469 ἀπειλήσαντος
1375 2400 1409 2454 ἃ
1441 2398 1559 2454 οὐδ’
1607 2400 1676 2454 ἂν
1714 2401 1868 2471 ὑμεῖς

194 2487 516 2556 ἀγνοήσαιτε
557 2485 679 2558 (τοῦ
717 2489 820 2556 γὰρ
853 2491 1057 2559 τρόπου
1089 2497 1186 2542 τοῦ
1215 2491 1538 2543 Καλλίππου
1580 2489 1680 2542 οὐκ
1719 2489 1868 2542 ἀπεί-

193 2596 300 2645 ρως
345 2572 512 2646 ἔχετε)
553 2574 692 2643 λέγω
740 2576 884 2648 αὐτῷ
936 2577 1017 2629 ὄτι
1066 2576 1247 2630 ἀκούω
1300 2591 1360 2630 σε
1398 2582 1555 2630 πλεῖν
1596 2576 1681 2630 ἐπὶ
1722 2580 1868 2630 Καλ-

194 2666 493 2732 λίστρατον.
558 2663 661 2732 ἐγὼ
696 2660 797 2718 οὖν
830 2674 938 2717 τῶν
969 2668 1288 2734 φευγόντων
1328 2664 1528 2719 οὐδένα
1567 2664 1696 2734 ἄξω,
1736 2664 1865 2720 οὐδὲ
1887 2686 1997 2725 1222

192 2752 494 2819 πλεύσομαι
535 2749 616 2804 ἐπ’
663 2751 855 2805 αὐτόν·
896 2752 954 2805 οἰ
988 2753 1090 2822 γὰρ
1129 2755 1290 2822 νόμοι
1330 2753 1431 2807 οὐκ
1470 2753 1631 2807 ε’ῶσιν
1670 2753 1867 2808 ὑποδέ-

192 2843 387 2908 χεσθαι
432 2848 543 2893 τῶν
587 2843 908 2909 φευγόντων
956 2838 1184 2909 οὐδένα,
1237 2840 1270 2910 ἢ
1311 2841 1370 2894 ἐν
1408 2852 1520 2905 τοῖς
1559 2842 1744 2906 αὐτοῖς
1781 2862 1866 2895 κε-

192 2926 452 2979 λεύουσιν
484 2925 767 2997 ἐνέχεσθαι
807 2930 903 2983 τὸν
935 2929 1343 2998 ὑποδεχόμενον
1380 2933 1508 2993 τοὺς
1546 2918 1865 3000 φεύγοντας.

279 3019 484 3053 Demos-m.
529 3021 708 3054 v01.111.
1545 3021 1597 3059 12
