2035 3158
199 204 265 255 22
676 207 835 248 ΧΙᾸΠΔ
884 205 1388 264 [ΔΗΜΟΣΘΕΝΟΤΣ]

303 333 515 406 Ἐπειδὴ
544 336 662 390 καὶ.
687 340 954 406 πρότερον
985 336 1191 405 ἀγῶνες
1230 336 1483 406 ἐγένοντο
1522 337 1653 407 ἡμῖν
1691 334 1734 391 ὦ
1771 338 1867 391 ἅν-
1931 383 1944 395 .

196 425 321 491 δρες
351 422 597 477 δικασταὶ
628 426 764 492 πρὸς
794 427 920 487 τοὺς
959 424 1157 487 αὐτοὺς
1195 426 1420 488 τούτους
1457 423 1581 495 περὶ
1612 433 1711 479 τοῦ
1736 428 1868 485 κλή-

193 530 296 577 ρου
343 519 441 564 τοῦ
471 510 854 579 “Αγνίου,·καὶ
902 508 1065 566 οὐδὲν
1113 514 1379 566 παύονται
1424 520 1869 582 παρανομοῦντες

194 597 282 651 καὶ
320 600 646 667 βιαζόμενοι,
687 596 811 651 ὥστ’
859 598 915 651 ἐκ
961 600 1161 661 παντὸς
1208 602 1413 668 τρόπου
1451 599 1515 652 τὰ
1554 600 1626 667 μὴ
1665 601 1867 667 προσή-

193 683 350 738 κονθ’
407 685 617 749 ἑαυτοῖς
664 689 833 756 ἔχειν,
880 685 1086 755 ἀνάγκη
1138 691 1267 749 ἴσως
1313 685 1425 740 ἐστὶ
1464 687 1528 739 τά
1566 683 1860 756 πραχθέντ’

195 773 246 836 ἐξ
295 772 459 842 ἀρχῆς
506 774 896 848 διηγήσασθαι·
936 773 1089 842 ὑμεῖς
1134 793 1188 826 τε
1236 774 1338 841 γὰρ
1387 769 1428 825 ὦ
1476 774 1671 840 ἄνδρες
1717 774 1867 826 δικα·

150 875 169 906 2
195 859 313 912 σταὶ
346 861 485 932 ῥᾷον
515 863 1025 929 παρακολουθήσετε
1061 862 1226 913 ἅπασι
1257 870 1370 923 τοῖς
1401 855 1739 928 λεγομένοις,
1775 859 1862 912 καὶ

195 943 345 1001 οὗτοι
397 947 866 1017 ἐπιδειχθήσονται
931 941 1044 1001 οἷοί
1088 950 1227 1000 εἰσιν
1279 949 1594 1016 ἄνθρωποι,
1644 945 1734 1000 καὶ
1783 946 1865 1000 ὅτι

191 1034 357 1088 πάλαι
402 1035 506 1103 ἤδη
555 1035 846 1104 ἀρξάμενοι
896 1032 1060 1089 οὐδὲν
1106 1037 1372 1088 παύονται
1419 1043 1868 1104 κακοτεχνοῦντες

191 1120 280 1174 καὶ
320 1123 562 1194 οἰόμενοι
604 1124 720 1175 δεῖν
769 1123 1192 1190 διαπράττεσθαι
1234 1123 1263 1174 ὅ
1303 1144 1354 1176 τι
1393 1122 1461 1176 ἂν
1501 1121 1704 1192 ἐπέλθῃ
1742 1122 1866 1176 τού-

190 1229 317 1272 τοις.
381 1211 618 1278 δεόμεθα
660 1207 761 1263 οὖν
801 1210 955 1278 ὑμῶν
991 1206 1030 1262 ὦ
1065 1212 1261 1278 ἄνδρες
1301 1211 1568 1277 δικασταί,
1607 1210 1868 1272 εὐνοϊκῶς
1885 1215 1993 1256 1051

192 1296 566 1364 ἀκροάσασθαι
609 1308 715 1351 τῶν
758 1297 1067 1366 λεγομένων
1099 1296 1187 1350 καὶ
1219 1303 1662 1366 παρακολουθεῖν
1700 1310 1861 1365 προσ-

192 1383 412 1455 έχοντας
465 1388 559 1440 τὸν
615 1395 766 1439 νοῦν.
866 1387 1188 1454 πειράσομαι
1253 1384 1310 1439 δὲ
1376 1385 1522 1454 κάγὼ
1588 1385 1867 1438 διδάσκειν

192 1474 265 1536 ὡς
302 1472 372 1526 ἂν
412 1466 526 1536 οἷός
564 1493 618 1526 τε
659 1470 700 1525 ὦ
744 1473 1047 1543 σαφέστατα
1087 1472 1209 1541 περὶ
1249 1483 1357 1526 τῶν
1396 1472 1808 1542 πεπραγμένων.

147 1577 167 1607 3
310 1560 536 1615 Τουτουὶ
582 1563 684 1631 γὰρ
726 1571 822 1616 τοῦ
868 1563 1063 1624 παιδὸς
1102 1561 1133 1629 ἡ
1173 1564 1348 1631 μήτηρ
1387 1558 1430 1614 ὦ
1470 1562 1670 1628 ἄνδρες
1714 1562 1864 1613 δικα-

191 1654 337 1716 σταί,
376 1648 521 1718 γένει
563 1645 700 1703 οὖσα
742 1650 1013 1717 ἐγγυτάτω
1045 1647 1234 1720 Ἀγνίᾳ
1274 1658 1345 1720 τῷ
1388 1648 1441 1713 ἐξ
1485 1652 1648 1717 Οῖου,
1688 1647 1864 1701 ἐπεδι-

190 1737 390 1791 κάσατο
431 1746 527 1791 τοῦ
566 1740 771 1806 κλήρου
803 1745 900 1790 τοῦ
923 1735 1144 1805 (Αγνίου
1177 1738 1308 1789 κατὰ
1341 1738 1468 1799 τοὺς
1505 1739 1707 1804 νόμους
1739 1737 1865 1799 τοὺς

191 1823 505 1893 ὑμετέρους·
554 1825 641 1878 καὶ
688 1834 796 1878 τῶν
844 1828 959 1878 τότε
1009 1824 1537 1894 ἀμφισβητησάντων
1583 1823 1718 1893 αὐτῇ
1764 1831 1863 1878 τοῦ

191 1915 395 1981 κλήρου
427 1917 665 1980 τουτουί,
705 1912 850 1981 γένει
883 1910 981 1981 μὲν
1024 1913 1095 1975 ὡς
1134 1912 1404 1981 ἐγγυτέρω
1444 1932 1522 1974 τις
1561 1918 1642 1980 εἴη
1683 1912 1863 1965 αὐτῶν

191 2007 282 2069 τῆς
313 2004 587 2068 γυναικός,
620 1998 739 2054 οὐδ’
780 2000 1121 2070 ἐπεχείρησεν
1155 1999 1337 2063 οὐδεὶς
1368 2000 1665 2069 ἀντομόσαι
1697 1999 1862 2070 (ὡμο-

192 2093 403 2155 λογεῖτο
443 2090 544 2157 γὰρ
577 2091 719 2155 παρὰ
751 2090 973 2140 πάντων
1005 2096 1097 2156 τῆς
1129 2090 1388 2155 γυναικὸς
1418 2085 1557 2141 εἶναι
1595 2087 1629 2156 ἡ
1668 2093 1862 2157 κληρο-

147 2192 167 2221 4
193 2180 356 2244 νομιά
386 2177 517 2228 κατὰ
549 2178 648 2244 τὴν
687 2175 1039 2245 ἀγχιστείαν),
1081 2176 1348 2244 διαθήκας
1380 2173 1439 2228 δὲ
1470 2175 1691 2238 ψευδεῖς
1727 2170 1862 2243 ἧκον
1910 2171 1915 2174 ’

193 2265 687 2325 κατασκευάσαντες
726 2265 970 2325 Γλαῦκός
1017 2283 1068 2315 τε
1112 2263 1140 2316 ὁ
1181 2263 1233 2326 ἐξ
1278 2267 1415 2316 Οἴου
1461 2261 1549 2316 καὶ
1597 2263 1861 2316 Γλαύκων

192 2352 220 2402 ὁ
275 2351 511 2420 ἀδελφὸς
564 2351 760 2419 αὐτοῦ,
813 2349 902 2403 καὶ
959 2353 1277 2418 Θεόπομπος
1332 2351 1359 2405 ὁ
1413 2349 1632 2403 τουτουὶ
1686 2352 1861 2425 πατὴρ

193 2440 558 2507 ΛΙακαρτάτου
608 2439 835 2500 ἐκείνοις
891 2439 1378 2506 συγκατεσκεύαζεν
1433 2439 1641 2490 ἅπαντα
1693 2445 1860 2490 ταῦτα
1900 2475 1906 2480 -

192 2526 283 2580 καὶ
314 2527 598 2597 ἐμαρτύρει
632 2527 724 2588 τὰς
754 2529 1006 2588 πλείστας
1036 2531 1348 2595 μαρτυρίας.
1403 2529 1462 2578 αἱ
1491 2524 1549 2578 δὲ
1583 2526 1862 2595 διαθῆκαι,

192 2615 254 2676 ἃς
291 2618 407 2668 τότε
448 2614 810 2683 παρέσχοντο,
852 2613 1256 2690 ἐξηλέγχθησαν
1296 2615 1513 2677 ψευδεῖς
1551 2609 1733 2666 οὖσαι·
1771 2601 1861 2667 καὶ

191 2702 258 2755 οὐ
297 2705 470 2771 μόνον
507 2701 848 2770 ἡττήθησαν,
897 2701 1032 2753 ἀλλὰ
1079 2700 1168 2754 καὶ
1207 2703 1567 2770 πονηρότατοι
1609 2700 1863 2765 δόξαντες

150 2786 332 2842 εεῖναι
373 2789 775 2859 ἀπηλλάττοντο
816 2789 920 2842 ἀπὸ
969 2797 1066 2843 τοῦ
1115 2790 1481 2858 δικαστηρίου.
1550 2787 1638 2842 καὶ
1678 2788 1861 2858 ἐπιδη-

191 2885 308 2944 μῶν
365 2879 482 2930 τότε
535 2879 853 2944 Θεόπομπος
907 2876 936 2930 ὁ
983 2875 1201 2930 τουτουὶ
1255 2878 1428 2944 πατὴρ
1475 2877 1863 2946 Μακαρτάτου,

192 2972 290 3017 τοῦ
327 2966 562 3034 κήρυκος
600 2967 974 3031 κηρύττοντος,
1015 2969 1070 3016 εἴ
1104 2984 1182 3027 τις
1221 2963 1582 3034 ἀμφισβητεῖν
1621 2963 1653 3032 ἢ
1692 2982 1861 3033 παρα-
