2035 3158
50 392 88 424 1⁴1

643 155 795 195 RATA
832 145 1160 196 ΣΤΕΦΑΝΟΥ
1191 155 1238 194 A.
1268 157 1273 161 ·
1728 148 1803 202 73.

111 286 247 356 ὑμῖν
279 285 493 357 ἐμφανῆ
526 288 768 355 ποιῆσαι,
806 289 863 339 τί
888 282 958 355 ἦν
991 284 1365 354 ἁπλούστερον
1398 285 1431 355 ἢ
1462 283 1611 339 ταῦτ’
1642 281 1805 354 ἄγειν

114 375 192 437 εἰς
238 373 430 444 μέσον;
467 371 738 443 ,Ἀθήνησι
786 371 887 443 μὲν
925 377 1114 427 τοίνυν
1155 375 1184 427 ὁ
1224 375 1398 442 πατὴρ
1449 372 1798 441 ἐτελεύτησεν

72 520 74 522 ,
113 462 302 531 οὑμός,
340 461 583 531 ἐγίγνετο
615 459 665 514 δ’
696 462 728 530 ἡ
763 458 923 515 δίαιτ’
948 461 1022 515 ’ἐν
1054 469 1118 531 τῇ
1150 465 1370 532 ποικίλῃ
1403 467 1557 532 στοᾷ,
1595 479 1796 529 μεμαρ-

55 1555 92 1583 11»

58 2698 98 2728 20

112 551 375 620 τυρήκασι
427 547 478 603 δ’
531 545 684 604 οὗτοι
733 547 991 621 παρέχειν
1032 551 1096 602 τὸ
1148 549 1517 618 γραμματεῖον
1562 545 1796 617 Ἀμφίαν

113 639 248 707 πρὸς
285 640 382 691 τὸν
430 638 726 707 διαιτητήν.
805 622 1011 708 οὖκοῦν
1051 643 1200 707 εἴπερ
1241 634 1446 706 ’ἀληθὲς
1484 633 1584 705 ἦν,
1632 635 1798 704 ἐχρῆν

114 726 246 779 αὐτὸ
287 727 348 778 τὸ
387 726 756 795 γραμματεῖον
796 727 874 789 εἰς
912 727 1009 779 τὸν
1050 724 1233 795 ἐχῖνον
1275 725 1533 794 ἐμβαλεῖν
1571 722 1660 777 καὶ
1701 726 1798 776 τὸν

112 812 415 883 παρέχοντα
455 823 779 883 μαρτυρεῖν,
819 812 891 867 ἵν’
937 813 995 867 ἐκ
1033 822 1126 882 τῆς
1165 813 1427 882 ἀληθείας
1465 811 1554 866 καὶ
1593 819 1693 866 τοῦ
1731 813 1798 865 τὰ

114 900 289 972 σημεῖ’
328 898 488 970 ἰδεῖν,
527 903 587 955 οἱ
620 899 721 971 μὲν
754 900 1002 955 δικασταὶ
1040 904 1101 954 τὸ
1134 898 1336 971 πρᾶγμ’
1382 904 1652 970 ἔγνωσαν,
1691 899 1798 968 ἐγὼ

52 1026 60 1041 .
114 987 164 1044 δ’
209 995 265 1044 εἴ
289 1010 367 1052 τις
400 990 574 1058 ἠδίκει
607 988 687 1059 μ’,
727 989 812 1043 ἐπὶ
852 998 1048 1044 τοῦτον
1080 985 1164 1061 ᾖα.
1222 999 1327 1044 νῦν
1362 988 1410 1043 δ’
1449 983 1526 1053 εἷς
1564 986 1664 1059 μὲν
1704 990 1796 1041 οὐ-

115 1076 229 1142 δεὶς
281 1079 413 1132 ὅλον
464 1079 524 1131 τὸ
577 1076 779 1148 πρᾶγμ’
835 1076 1155 1145 ἀνεδέξατο,
1206 1075 1336 1132 οὐδὲ
1384 1079 1796 1148 μεμαρτύρηκεν

114 1166 325 1236 ἁπλῶς,
362 1166 435 1229 ὡς
474 1168 543 1220 ἄν
581 1187 661 1229 τις
699 1165 910 1235 τάληθῆ
951 1168 1340 1236 μαρτυρήσειε,
1379 1155 1630 1236 με’ρος’δ’
1669 1166 1797 1218 'guoe-

115 1273 264 1324 στος,
309 1255 382 1317 ὡς
421 1255 490 1323 δὴ
531 1256 701 1324 σοφὸς
739 1253 827 1308 καὶ
870 1255 960 1308 διὰ
999 1252 1143 1308 τοῦτ’
1192 1255 1259 1307 οὐ
1300 1256 1495 1308 δώσων
1536 1255 1726 1321 δίκην,
1766 1253 1795 1306 ὁ

115 1343 215 1412 μὲν
252 1353 620 1413 γραμματεῖον
653 1345 797 1413 ἔχειν
837 1340 921 1412 ἐφ’
961 1337 1004 1415 ᾧ
1045 1342 1358 1411 γεγράφθαι
1398 1344 1638 1410 διαθήκη
1679 1345 1796 1393 Πα-

116 1435 340 1498 σίωνος,
378 1431 407 1485 ὁ
449 1428 509 1484 δὲ
548 1429 821 1500 πεμφθεὶς
857 1431 962 1484 ὑπὸ
1003 1432 1201 1484 τούτου
1241 1429 1497 1501 παρέχειν
1536 1428 1708 1495 τοῦτ’,
1748 1432 1799 1482 εἰ

117 1517 166 1573 δ’
212 1516 416 1589 ἀληθὲς
462 1519 494 1588 ἢ
533 1520 762 1586 ψεῦδος,
811 1515 978 1572 οὐδὲν
1025 1518 1244 1572 εἰδέναι.
1308 1517 1419 1572 οἱδὶ
1460 1515 1521 1571 δὲ
1561 1525 1624 1588 τῇ
1663 1533 1935 1587 arpo-1103

116 1610 299 1677 κλήσει
333 1608 666 1679 χρησάμενοι
698 1608 1160 1676 παραπετάσματι,
1194 1608 1463 1676 διαθήκας
1496 1606 1793 1677 ἐμαρτύρη-

117 1713 241 1766 σαν,
279 1696 352 1759 ὡς
390 1695 459 1749 ἂν
499 1693 722 1765 μάλισθ’
772 1696 828 1748 οἱ
863 1692 963 1764 μὲν
1004 1694 1252 1748 δικασταὶ
1295 1696 1500 1763 ταύτην
1538 1695 1638 1764 τὴν
1679 1696 1795 1747 δια-

116 1787 298 1854 θήκην
324 1783 646 1837 ἐπίστευσαν
671 1792 771 1837 τοῦ
794 1785 995 1851 πατρὸς
1019 1780 1179 1851 εἶναι,
1205 1784 1310 1852 ἐγὼ
1336 1785 1368 1836 δ
1377 1781 1390 1801 '
1428 1782 1797 1851 ἀπεκλείσθην

118 1882 215 1927 τοῦ
255 1875 423 1941 λόγου
463 1882 647 1943 τυχεῖν
686 1868 822 1941 ὑπὲρ
864 1867 941 1925 ὧν
973 1871 1287 1941 ἀδικοῦμαι,
1327 1868 1479 1926 οὗτοι
1519 1868 1579 1926 δὲ
1611 1891 1796 1942 φωρα-

118 1968 272 2015 θεῖεν
310 1961 374 2014 τὰ
412 1962 587 2031 ψευδῆ
613 1964 1097 2030 μεμαρτυρηκότες.
1160 1967 1336 2014 καίτοι
1367 1963 1429 2014 τό
1461 1957 1511 2029 γ’
1544 1959 1797 2013 ἐναντίον

119 2049 295 2121 ᾤοντο
334 2052 548 2104 τούτου.
610 2050 703 2102 ἵνα
751 2046 800 2101 δ’
847 2046 1026 2117 εἰδῆθ’
1074 2048 1154 2101 ὅτι
1206 2045 1355 2102 ταῦτ’
1405 2046 1587 2117 ἀληθῆ
1636 2046 1805 2116 λέγω,

121 2135 251 2206 λαβὲ
288 2139 388 2207 τὴν
429 2145 526 2191 τοῦ
566 2139 1006 2207 Κηφισοφῶντος
1045 2140 1365 2205 μαρτυρίαν.

796 2298 1108 2339 ΜΑΡΤΥΡΙΑ.

303 2413 619 2470 Κηφισοφῶν
669 2406 990 2469 Κεφαλίωνος
1035 2401 1322 2467 Ἀφιδναῖος
1377 2410 1614 2468 μαρτυρεῖ
1657 2424 1804 2454 καταὑ

193 2490 462 2551 λειφθῆναι
495 2485 626 2556 αὐτῷ
659 2484 755 2534 ὑπὸ
789 2493 874 2535 τοῦ
906 2484 1084 2548 πατρὸς
1117 2490 1461 2551 γραμματεῖον,
1503 2482 1581 2546 ἐφ’
1619 2475 1657 2554 ᾧ
1698 2485 1805 2534 ἐπι·

192 2568 473 2634 γεγράφθαι
514 2566 732 2630 διαθήκη
773 2567 1047 2625 Πασίωνος.
1173 2578 1177 2582 “

236 2666 456 2721 Οὐκοῦν
495 2663 564 2735 ἧν
605 2665 817 2720 ἁπλοῦν
857 2662 899 2718 ὦ
939 2666 1137 2735 ἄνδρες
1176 2666 1449 2732 δικασταί,
1496 2668 1592 2719 τὸν
1631 2674 1807 2719 ταῦτα·

121 2763 504 2824 μαρτυροῦντα
527 2761 1012 2824 προσμαρτυρῆσαι
1047 2750 1215 2807 “εἷναι
1244 2750 1303 2806 δὲ
1327 2755 1388 2806 τὸ
1415 2763 1809 2822 γραμματεῖον,

122 2842 151 2895 ὃ
192 2842 354 2905 αὐτὸς
392 2841 631 2913 παρέχει,
668 2841 877 2910 τοῦτο’,
915 2839 1004 2894 καὶ
1036 2842 1097 2894 τὸ
1130 2849 1497 2909 γραμματεῖον
1531 2840 1809 2909 ἐμβαλεῖν..

122 2929 260 2983 ἀλλὰ
298 2939 458 2984 τοῦτο
498 2927 598 2997 μὲν
637 2926 785 2996 οἶμαι
836 2930 898 2982 τὸ
948 2930 1153 2991 ’ψεῦδος
1194 2926 1362 2996 ἡγεῖτ’
1411 2928 1574 2997 ὀργῆς
1624 2929 1805 2991 ἄξιον,
