2035 3158
199 143 301 195 132
659 142 860 184 XLVIII.
909 135 1414 206 [AHMOZQENOTJz]

193 277 444 343 κλείδου,
491 271 653 328 τοῦθ’
699 274 844 326 ἅπαν
895 272 1091 341 σχεδόν
1141 290 1192 323 τι
1242 269 1504 339 ἀνηλώθη
1555 273 1632 332 εἴς
1675 287 1731 322 τε
1770 269 1872 336 τὴν

194 363 373 432 ταφὴν
419 360 724 414 καὶτᾶλλα
762 361 835 412 τὰ
882 362 1209 428 νομιζόμενα
1259 356 1349 411 καὶ
1396 359 1473 420 εἰς
1517 347 1619 425 τὴν
1658 357 1873 410 οἰκοδο-

132 468 170 499 ιε
196 454 326 519 μίαν
373 457 473 516 τοῦν
516 451 808 518 μνήματος.
880 448 1078 500 διελὼν
1126 443 1183 498 δ”
1223 445 1328 514 ἐγὼ
1381 445 1476 508 τὰς
1530 445 1631 497 δύο
1678 443 1875 504 ταύτας

195 539 443 608 μερίδας,
484 539 659 590 ἔδωκα
698 536 912 604 αἵρεσιν
958 532 1156 606 τουτῳὶ
1189 531 1642 603 Ὀλυμπιοδώρῳ,
1689 528 1874 584 ὁποτέ-

196 645 300 694 ραν
346 626 600 693 βούλεται
647 633 756 676 τῶν
803 623 1044 691 μερίδων
1092 624 1306 689 λαβεῖν,
1361 617 1449 672 καὶ
1497 614 1655 681 οὗτος
1701 618 1875 671 εἵλετο

195 715 322 775 τοὺς
361 714 804 782 φαρμακοτρίβας
842 708 931 762 καὶ
978 710 1078 777 τὴν
1125 710 1394 776 οἰκίσκην·
1435 706 1540 775 ἐγὼ
1589 703 1643 760 δ’..
1677 708 1875 774 ἔλαβον

134 820 174 851 14
195 802 322 863 τοὺς
362 801 743 870 σακχυφάντας
790 796 878 850 καὶ
926 798 1026 865 τὴν
1073 798 1265 849 οἰκίαν.
1335 793 1425 848 καὶ
1463 791 1610 848 ταῦτ’
1656 795 1804 846 ἔστιν
1843 792 1877 846 ἃ

199 887 446 956 ἑκάτερος
499 888 654 956 ἡμῶν
709 883 869 956 εἶχεν.
955 884 1015 937 ἐν
1070 880 1131 937 δὲ
1184 891 1247 952 τῇ
1302 883 1484 952 μερίδι
1537 889 1600 952 τῇ
1656 879 1877 935 τουτουὶ

190 974 640 1044 Ὀλυμπιοδώρου
680 971 748 1042 ἦν
790 967 866 1036 εἷς
903 969 1013 1026 τῶν
1046 974 1523 1041 φαρμακοτριβῶν,
1562 969 1626 1023 ὃν
1659 966 1870 1038 μάλιστ’

199 1063 406 1132 ἐνόμιζε
456 1064 650 1116 πιστὸν
701 1060 873 1132 ἑαυτῷ
927 1057 1067 1114 εἶναι
1121 1060 1148 1113 6
1189 1061 1416 1127 Κόμων·
1468 1059 1642 1126 ὄνομα
1693 1053 1753 1110 δὲ
1803 1063 1877 1125 τῷ

201 1151 477 1223 ἀνθρώπῳ
526 1149 638 1204 ἐστὶ
685 1152 969 1219 Μοσχίων.
1049 1143 1206 1209 οὗτος
1255 1146 1283 1200 6
1333 1144 1540 1214 οἰκέτης
1586 1145 1782 1214 σχεδόν
1828 1163 1879 1196 τι

199 1239 322 1310 ᾔδει
360 1240 424 1292 τά
463 1236 507 1292 τ’
555 1240 693 1291 ἄλλα
731 1237 796 1290 τὰ
834 1245 932 1289 τοῦ
974 1237 1241 1303 Κόμωνος
1279 1234 1509 1301 ἅπαντα,
1554 1231 1643 1285 καὶ
1683 1233 1750 1301 δὴ
1789 1229 1879 1284 καὶ

201 1329 261 1380 τὸ
317 1325 581 1394 ἀργύριον
637 1320 703 1377 οὗ
757 1319 857 1392 ἧν,
907 1324 968 1376 τὸ
1021 1322 1185 1374 ἔνδον
1232 1323 1484 1389 κείμενον
1523 1327 1596 1392 τῳ”
1638 1321 1880 1388 Κόμωνι.

140 1432 181 1465 15
203 1413 293 1468 καὶ
333 1415 400 1482 δὴ
439 1411 530 1466 καὶ
569 1415 733 1465 ἔλαθε
781 1413 877 1465 τὸν
919 1412 1184 1479 Κόμωνα,
1229 1408 1600 1477 πρεσβύτερόν
1647 1427 1702 1460 τε
1750 1408 1882 1460 ὄντα

203 1501 294 1556 καὶ
346 1495 736 1555 πεπιστευκότα
790 1498 972 1570 αὐτῷ,
1034 1496 1440 1566 ὑφαιρούμενος
1500 1497 1559 1549 τὸ
1614 1494 1883 1565 ἀργύριον

206 1586 366 1652 οὗτος
405 1589 432 1642 6
486 1586 693 1656 οἰκέτης
744 1587 773 1641 6
813 1589 1098 1656 Μοσχίων.
1172 1584 1262 1637 καὶ
1312 1593 1531 1652 πρῶτον
1577 1579 1677 1652 μὲν
1722 1581 1886 1652 ὑφαι·

208 1686 379 1748 ρεῖται
418 1676 586 1729 αὐτοῦ
625 1678 801 1745 χιλίας
840 1674 1081 1743 δραχμὰς
1128 1675 1292 1742 χωρίς
1338 1689 1445 1725 που
1490 1671 1741 1740 κειμένας
1787 1678 1886 1723 τοῦ

208 1768 378 1819 ἄλλου
419 1763 705 1833 ἀργυρίου,
745 1760 917 1815 ἔπειθ’
961 1759 1143 1828 ἑτέρας
1178 1758 1551 1828 ἑβδομήκοντα
1583 1765 1734 1827 μνᾶς.
1796 1756 1886 1811 καὶ
2014 1743 2028 1804 Ᾰ

208 1862 376 1908 ταῦτα
413 1861 588 1905 ποιῶν
629 1851 901 1904 ἐλάνθανε
942 1851 1037 1903 τὸν
1072 1851 1326 1916 Κόμωνα.
1390 1845 1480 1899 καὶ
1520 1848 1580 1900 τὸ
1621 1844 1888 1916 ἀργύριον
2013 1805 2030 1921 l

146 1960 189 1992 ιε
209 1938 367 1996 τοῦθ’
416 1941 559 1993 ἅπαν
607 1935 750 2008 εἶχεν
798 1937 959 2000 αὐτὸς
1007 1935 1081 1990 δι’
1130 1934 1327 1989 ἑαυτοῦ
1374 1935 1402 1989 6
1451 1936 1760 2002 ἄνθρωπος.
1823 1934 1889 1987 οὐ

210 2034 393 2101 πολλῷ
436 2025 495 2081 δὲ
534 2029 714 2099 χρόνῳ
753 2026 986 2094 ὕστερον
1028 2021 1068 2077 ὦ
1110 2025 1306 2092 ἄνδρες
1346 2025 1620 2091 δικασταί,
1667 2021 1701 2091 ἢ
1739 2020 1892 2090 ἡμεῖς
2015 1976 2028 2107 ς

215 2119 532 2185 διειλόμεθα
570 2115 663 2177 τὰς
696 2115 938 2183 μερίδας,
976 2112 1186 2176 ὑποψία
1218 2131 1297 2174 τις
1330 2110 1542 2179 ἐγένετο
1574 2107 1663 2163 καὶ
1696 2114 1892 2179 αἴσθη-

216 2222 297 2268 σις
333 2203 457 2274 περὶ
497 2202 795 2272 τάργυρίου
828 2202 1049 2255 τούτου·
1093 2200 1149 2253 ἐκ
1191 2197 1250 2252 δὲ
1289 2200 1486 2267 ταύτης
1523 2206 1616 2267 τῆς
1654 2196 1893 2262 ὑποψίας

217 2294 392 2348 ε’δόκει
433 2290 551 2360 ἐμοὶ
599 2289 687 2343 καὶ
734 2287 930 2361 τουτῳὶ
967 2286 1390 2359 Ὀλυμπιοδώρῳ
1438 2288 1751 2355 βασανίζειν
1795 2286 1893 2339 τὸν

217 2384 532 2447 ἄνθρωπον.
595 2377 683 2431 καὶ
726 2378 753 2431 6
795 2379 1089 2445 ἄνθρωπος
1129 2372 1169 2428 ὦ
1211 2376 1406 2443 ἄνδρες
1446 2371 1695 2427 δικασταὶ
1734 2372 1894 2436 αὐτὸς

219 2471 387 2523 αὑτοῦ
427 2466 661 2533 κατεῖπε,
700 2464 832 2534 πρὶν
871 2466 1282 2534 βασανίζεσθαι,
1321 2462 1402 2516 ὅτι
1441 2465 1615 2531 χιλίας
1654 2461 1896 2530 δραχμὰς

219 2557 477 2627 ὑφέλοιτο
533 2563 630 2608 τοῦ
687 2556 977 2622 Κόμωνος,
1040 2550 1129 2604 καὶ
1186 2553 1286 2620 ἔφη
1342 2547 1482 2603 εἶναι
1535 2546 1660 2618 παρ’
1723 2547 1894 2620 ἑαυτῷ
1916 2562 2028 2604 1172

221 2646 354 2699 ὅσον
394 2645 466 2713 μὴ
505 2640 574 2711 ἦν
616 2639 991 2710 ἀνηλωμένον·
1033 2636 1156 2707 περὶ
1207 2635 1265 2691 δὲ
1305 2636 1402 2691 τοῦ
1440 2639 1692 2699 πλείονος
1731 2636 1898 2706 ἀργυ-

157 2749 197 2781 ιτ
222 2735 346 2802 ρίου
386 2728 504 2785 οὐδ’
551 2730 739 2783 ὁτιοῦν
787 2725 938 2781 εἶπεν
987 2727 1045 2780 ἐν
1093 2734 1164 2797 τῳ”
1215 2728 1332 2779 τότε
1381 2726 1576 2796 χρόνῳ.
1638 2722 1728 2777 καὶ
1767 2723 1897 2776 ἀπο-

224 2822 417 2873 δίδωσι
456 2816 579 2886 περὶ
622 2816 902 2879 ἑξακοσίας
941 2815 1092 2877 τινὰς
1133 2813 1386 2883 δραχμάς.
1449 2811 1537 2864 καὶ
1570 2813 1769 2866 τούτου
1801 2831 1899 2865 του

225 2908 513 2976 ἀργυρίου,
540 2902 605 2958 οὗ
632 2903 911 2956 ἀπέδωκεν
944 2904 972 2956 6
1007 2903 1319 2969 ἄνθρωπος,
1351 2904 1526 2962 καλῶς
1556 2898 1643 2953 καὶ
1663 2889 1902 2963 ’δικαίως
