2035 3158
90 748 130 779 14

94 1536 134 1569 15

152 161 261 211 214
685 158 798 200 LIV.
838 157 1297 199 ΔΗΜΟΣΘΕΝΟΤΣ

151 298 372 361 νῆσθαι.
453 296 637 360 οἴομαι
688 287 739 343 δ’
781 289 937 358 ὑμῶν
988 287 1168 351 ἐνίους
1215 289 1548 358 θαυμάζειν,
1602 293 1659 341 τί
1702 285 1824 341 ποτ’

151 379 303 433 ἐστὶν
342 379 375 431 ἃ
414 379 549 447 πρὸς
585 385 752 431 ταῦτα
782 377 1039 444 τολμήσει
1073 377 1272 428 Κόνων
1305 373 1499 443 λέγειν.
1558 377 1827 445 βούλομαι

152 469 221 536 δὴ
262 476 543 537 προειπεῖν
582 465 734 534 ὑμῖν,
773 464 806 517 ἃ
846 463 951 531 ἐγὼ
989 461 1264 532 πέπυσμαι
1304 461 1483 531 λέγειν
1521 462 1690 516 αὐτὸν
1728 480 1829 515 πα-

153 556 546 624 ρεσκευάσθαι,
593 552 697 606 ἀπὸ
745 560 838 619 τῆς
883 551 1095 619 ὕβρεως
1141 549 1229 603 καὶ
1276 560 1385 603 τῶν
1433 548 1829 619 πεπραγμένων

153 645 214 695 τὸ
261 640 463 710 πρᾶγμ’
509 637 691 709 ἄγοντ’
737 641 814 701 είς
860 638 1066 706 γέλωτα
1112 637 1200 691 καὶ
1249 635 1522 707 σκώμματ’
1575 637 1830 706 ἐμβαλεῖν

154 730 540 798 πειράσεσθαι,
584 726 673 781 καὶ
722 727 864 796 ἐρεῖν
913 727 986 788 ὡς
1031 724 1172 778 εἰσὶν
1219 725 1278 779 ἐν
1317 733 1378 795 τῇ
1418 727 1573 778 πόλει
1613 723 1831 794 πολλοὶ,

155 822 337 870 καλῶν
369 817 631 885 κάγαθῶν
663 814 884 882 ἀνδρῶν
915 814 1069 882 υἱεῖς,
1110 816 1167 867 οἳ
1192 817 1470 877 παίζοντες
1502 805 1574 865 οἷ’
1613 813 1833 880 ἄνθρω-

154 924 247 958 ποι
285 903 402 956 νέοι
442 906 633 973 σφίσιν
673 902 858 963 αὐτοῖς
894 900 1202 969 ἐπωνυμίας
1237 905 1575 969 πεποιήνται,
1611 898 1704 953 καὶ
1740 919 1834 953 κα-

155 997 313 1045 λοῦσι
359 993 484 1053 τοὺς
531 987 630 1059 μὲν
686 990 1057 1058 ἰθυφάλλους,
1111 991 1238 1050 τοὺς
1298 985 1346 1041 δ’
1401 989 1947 1060 αὐτοληκύθουςῑρἦῂβ

156 1079 320 1149 ἐρῶσι
375 1076 424 1130 δ’
470 1077 528 1131 ἐκ
582 1078 792 1130 τούτων
849 1074 1079 1145 ἑταιρῶν
1132 1074 1304 1143 τινές,
1357 1073 1446 1128 καὶ
1494 1077 1561 1144 δὴ
1610 1073 1699 1128 καὶ
1736 1077 1834 1129 τὸν
1870 1082 1951 1100 ¹

153 1169 280 1221 υἱὸν
321 1168 415 1219 τὸν
456 1164 653 1219 ἑαυτοῦ
693 1161 834 1217 εἶναι
876 1165 1084 1217 τούτων
1126 1163 1247 1231 ἕνα,
1286 1161 1376 1215 καὶ
1414 1163 1673 1226 πολλάκις
1711 1162 1831 1233 περὶ

157 1253 370 1322 ἑταίρας
399 1252 489 1306 καὶ
521 1251 801 1322 εἰληφέναι
833 1250 922 1304 καὶ
959 1249 1256 1304 δεδωκέναι
1295 1251 1521 1320 πληγάς,
1560 1249 1650 1304 καὶ
1680 1247 1828 1304 ταῦτ’

156 1339 298 1395 εἶναι
352 1340 492 1394 νέων
547 1339 872 1409 ἀνθρώπων.
949 1338 1088 1407 ἡμᾶς
1134 1335 1194 1391 δὲ
1240 1339 1444 1401 πάντας
1495 1340 1622 1401 τοὺς
1675 1337 1833 1391 ἀδελ-

156 1432 298 1500 φοὺς
335 1433 632 1497 παροίνους
672 1427 770 1497 μέν
809 1447 960 1490 τινας
999 1425 1088 1479 καὶ
1127 1426 1389 1496 ὑβριστὰς
1428 1427 1838 1494 κατασκευάσει,

158 1517 482 1586 ἀγνώμονας
528 1513 588 1569 δὲ
635 1514 724 1568 καὶ
770 1516 1011 1584 πικρούς.
1082 1513 1187 1582 ἐγὼ
1238 1511 1287 1567 δ’
1342 1510 1383 1566 ὦ
1440 1515 1636 1581 ἄνδρες
1687 1515 1837 1566 δικα-

159 1603 281 1658 σταὶ
327 1608 568 1674 χαλεπῶς
615 1600 696 1671 ἐφ’
745 1596 826 1665 οἷς
870 1601 1123 1655 πέπονθα
1171 1601 1467 1671 ἐνηνοχώς,
1521 1601 1621 1672 οὐχ
1674 1597 1837 1670 ἧττον

158 1689 303 1746 τοῦτ’
349 1688 773 1759 ἀγανακτήσαιμ’
821 1689 890 1743 ἂν
937 1688 1028 1742 καὶ
1073 1689 1409 1758 ὑβρισθῆναι
1447 1686 1752 1758 νομίσαιμ’,
1790 1691 1842 1743 εἰ

161 1773 281 1834 οἶόν
327 1777 370 1831 τ’
418 1781 620 1845 εἰπεῖν,
674 1780 724 1830 εἰ
775 1774 926 1830 ταῦτ’
977 1776 1157 1844 ἀληθῆ
1214 1776 1359 1839 δόξει
1407 1778 1606 1829 Κόνων
1652 1775 1842 1831 οὑτοσὶ

161 1867 341 1937 λέγειν
379 1865 502 1933 περὶ
542 1867 722 1935 ἡμῶν,
762 1864 851 1918 καὶ
890 1865 1123 1933 τοσαύτη
1173 1884 1251 1927 τις
1297 1865 1492 1931 ἄγνοια
1536 1862 1661 1933 παρ’
1708 1865 1840 1932 ὑμῖν

163 1956 333 2023 ἐστιν,
374 1952 534 2022 ὥσθ’,
576 1954 762 2016 ὁποῖος
794 1954 861 2005 ἄν
894 1972 974 2015 τις
1008 1952 1229 2014 ἕκαστος
1261 1948 1400 2004 εἶναι
1433 1960 1528 2021 φῇ,
1567 1950 1600 2020 ἢ
1640 1952 1669 2006 ὁ
1707 1957 1840 2020 πλη·
1862 1970 1972 2012 1262

163 2047 285 2097 σίον
326 2043 494 2095 αὐτὸν
534 2042 858 2109 αἰτιάσηται,
896 2049 1141 2101 τοιοῦτος
1180 2041 1599 2108 νομισθήσεται,
1644 2047 1742 2093 τοῦ
1783 2037 1840 2093 δὲ

162 2130 289 2185 καθ’
328 2129 535 2199 ἡμέραν
576 2132 701 2198 βίου
741 2127 831 2181 καὶ
862 2138 971 2180 τῶν
1005 2127 1443 2196 ἐπιτηδευμάτων
1483 2125 1606 2195 μηδ’
1655 2127 1843 2181 ὁτιοῦν

100 2240 140 2271 16
165 2223 313 2273 ἔσται
367 2228 480 2280 τοῖς
534 2221 770 2286 μετρίοις
825 2218 1034 2285 ὄφελος.
1112 2215 1265 2283 ἡμεῖς
1318 2215 1420 2283 γὰρ
1477 2215 1600 2268 οὔτε
1653 2232 1844 2283 παροι·

164 2317 390 2369 νοῦντες
422 2303 546 2359 οὐθ’
588 2306 898 2373 ὑβρίζοντες
929 2301 1020 2355 ὑπ’
1058 2303 1286 2365 οὐδενὸς
1325 2301 1637 2371 ἀνθρώπων
1676 2301 1844 2370 ἑωρά-

167 2402 336 2466 μεθα,
383 2392 495 2447 οὔτ’
546 2395 803 2461 ἄγνωμον
851 2388 1016 2445 οὐδὲν
1062 2391 1348 2459 ἡγούμεθα
1394 2400 1597 2459 ποιεῖν,
1636 2392 1686 2443 εἰ
1721 2389 1844 2457 περὶ

168 2480 245 2537 ὧν
277 2479 565 2552 ἠδικήμεθ’
599 2480 857 2548 ἀξιοῦμεν
890 2480 1022 2531 κατὰ
1057 2481 1182 2541 τοὺς
1213 2481 1417 2546 νόμους
1451 2479 1609 2546 δίκην
1642 2481 1843 2546 λαβεῖν.

170 2572 498 2640 ἰθυφάλλοις
553 2566 612 2621 δὲ
669 2567 756 2620 καὶ
812 2567 1212 2635 αὐτοληκύθοις
1268 2574 1657 2636 συγχωροῦμεν
1704 2562 1843 2619 εἶναι

168 2669 280 2722 τοῖς
318 2657 460 2711 υἱέσι
500 2667 611 2719 τοῖς
650 2657 874 2723 τούτου,
923 2654 1011 2707 καὶ
1063 2652 1220 2723 ἔγωγ’
1264 2656 1487 2724 εὔχομαι
1536 2662 1647 2716 τοῖς
1693 2659 1846 2716 θεοῖς

170 2751 246 2811 είς
279 2750 514 2799 Κόνωνα
554 2744 642 2797 καὶ
682 2747 807 2806 τοὺς
845 2744 982 2805 υἱεῖς
1021 2745 1146 2805 τοὺς
1184 2743 1381 2795 τούτου
1421 2739 1511 2794 καὶ
1549 2750 1718 2795 ταῦτα
1755 2741 1845 2794 καὶ

107 2851 146 2885 ιτ
170 2837 235 2888 τὰ
290 2830 506 2888 τοιαῦθ’
566 2834 776 2885 ἅπαντα
835 2830 1142 2900 τρέπεσθαι.
1228 2826 1380 2883 οὗτοι
1441 2829 1543 2898 γάρ
1599 2830 1740 2882 εἰσιν
1793 2828 1851 2882 οἱ

171 2929 453 2984 τελοῦντες
484 2920 752 2990 ἀλλήλους
783 2926 855 2992 τῷ
892 2921 1201 2989 ἰθυφάλλῳ,
1239 2915 1328 2970 καὶ
1361 2925 1583 2970 τοιαῦτα
1621 2924 1846 2969 ποιοῦν-

2008 2502 2035 2567 ,ἐξ

2006 2570 2035 2865 l

2030 2869 2035 2904 4
