2035 3158
162 150 197 199 2
695 149 810 195 xm.
850 114 1313 192 Anmommofz
1788 123 1805 182 ἴ.

268 280 532 353 Ἀδελφὰς
571 286 765 354 ἔχομεν
805 279 847 336 ὦ
891 283 1087 351 ἄνδρες
1136 282 1386 336 δικασταὶ
1432 293 1694 352 γυναῖκας
1723 285 1843 355 ἐγὼ
1859 301 1972 343 1028

163 368 253 423 καὶ
294 372 578 434 Σπουδίας
625 370 840 436 οὑτοσί,
892 371 1250 424 Πολυεύκτου
1289 371 1610 441 θυγατέρας.
1687 372 1843 426 ἄπαι-

165 461 260 521 δος
284 456 334 512 δ’
367 458 580 513 ἐκείνου
613 461 1036 528 τελευτήσαντος
1067 456 1316 527 ἀρρένων
1347 461 1583 528 παίδων,
1613 458 1847 528 ἀναγκά-

168 549 319 615 ζομαι
374 548 509 616 πρὸς
564 555 760 600 τοῦτον
823 544 947 613 περὶ
1002 555 1110 599 τῶν
1165 545 1643 616 καταλειφθέντων
1697 547 1848 601 δικά·

167 636 369 704 ζεσθαι.
431 633 521 687 καὶ
554 636 605 686 εἰ
638 632 738 702 μὲν
771 629 813 686 ὦ
847 635 1045 703 ἄνδρες
1079 633 1325 687 δικασταὶ
1358 635 1430 703 μὴ
1461 638 1641 688 πᾶσαν
1679 649 1848 689 σπου-

166 723 270 790 δὴν
293 720 384 775 καὶ
409 726 729 791 προθυμίαν
755 722 1112 791 ἐποιησάμην,
1153 725 1490 791 βουλόμενος
1522 723 1848 784 διαλύεσθαι

165 807 252 862 καὶ
300 818 412 873 τοῖς
458 813 639 878 φίλοις
687 808 1026 880 ἐπιτρέπειν,
1079 809 1313 877 ἐμαυτὸν
1362 808 1430 862 ἂν
1477 808 1750 880 ᾐτιώμην,
1800 814 1853 865 εἰ

165 901 375 963 μᾶλλον
409 895 688 967 -ᾑρούμην
737 899 891 960 δίκας
937 895 1025 949 καὶ
1076 894 1343 965 πράγματ’
1399 900 1568 967 ἔχειν,
1616 897 1649 967 ἢ
1699 895 1843 969 μίκρ’

122 1002 139 1031 2
169 984 494 1047 ἐλαττωθεὶς
524 984 843 1055 ἀνέχεσθαι·
885 993 990 1038 νῦν
1032 982 1081 1038 δ’
1122 985 1233 1058 ὅσω
1272 989 1577 1055 πραότερον
1617 986 1723 1055 ἐγὼ
1760 986 1852 1042 καὶ

165 1076 695 1142 φιλανθρωπότερον
743 1075 918 1146 τούτῳ
962 1074 1313 1142 διελεγόμην,
1359 1075 1602 1147 τοσούτῳ
1641 1078 1850 1144 μᾶλλόν

166 1181 273 1229 μου
313 1165 653 1231 κατεφρόνει.
716 1160 804 1214 καὶ
855 1170 957 1215 νῦν
1009 1162 1407 1230 κινδυνεύομεν
1447 1159 1612 1216 οὐδὲν
1653 1163 1853 1234 ὁμοίως

171 1250 388 1321 Ῐτούτῳ]
429 1251 565 1317 πρὸς
597 1247 813 1302 τουτονὶ
849 1252 944 1301 τὸν
979 1246 1145 1316 ἀγῶν’
1185 1252 1346 1318 ἔχειν,
1388 1246 1507 1301 ἀλλ’
1555 1246 1716 1314 οὗτος
1751 1249 1853 1321 μὲν

168 1337 370 1409 ῥᾳδίως
423 1336 578 1406 φέρει
633 1337 894 1399 πολλάκις
941 1336 1256 1405 εἰθισμένος
1311 1334 1534 1390 ἐνταῦθ’
1589 1339 1666 1401 εἰς
1713 1338 1854 1408 ὑμᾶς

166 1424 450 1495 παριέναι,
502 1425 607 1494 ἐγὼ
658 1422 707 1478 δ’
754 1425 886 1478 αὐτὸ
936 1433 1097 1478 τοῦτο
1146 1428 1456 1494 φοβοῦμαι,
1503 1427 1575 1495 μὴ
1622 1427 1714 1480 διὰ
1751 1428 1852 1497 τὴν

167 1513 420 1583 ἀπειρίαν
476 1514 542 1566 οὐ
600 1515 829 1582 δυνηθῶ
887 1515 1128 1582 δηλῶσαι
1179 1512 1302 1582 περὶ
1357 1523 1467 1567 τῶν
1520 1515 1851 1583 πραγμάτων

169 1602 325 1671 ὑμῖν·
367 1601 512 1671 ὅμως
545 1599 594 1654 δ’
635 1598 675 1654 ὦ
718 1603 914 1669 ἄνδρες
947 1599 1195 1654 δικασταὶ
1233 1600 1523 1672 προσέχετε
1562 1604 1659 1656 τὸν
1696 1611 1850 1657 νοῦν.
1913 1617 1918 1619 ’

280 1691 630 1753 Πολύευκτος
685 1690 786 1759 γὰρ
846 1687 911 1758 ἣν
961 1710 1038 1752 τις
1088 1690 1374 1758 Θριάσιος,
1429 1689 1493 1743 ὃν
1545 1696 1674 1754 ἴσως
1726 1687 1844 1745 οὐδ’

169 1779 324 1848 ὑμῶν
371 1798 514 1841 τινες
562 1777 880 1846 ἀγνοοῦσιν.
945 1773 1104 1840 οὗτος
1155 1778 1184 1832 ὃ
1239 1778 1616 1845 Πολύευκτος,
1666 1778 1852 1849 ἐπειδὴ

171 1867 270 1920 οὐκ
321 1864 460 1936 ἦσαν
521 1867 665 1938 αὐτῷ
727 1868 916 1928 παῖδες
971 1867 1225 1935 ἄρρενες,
1275 1877 1507 1920 ποιεῖται
1559 1868 1853 1937 Λεωκράτη

170 1958 266 2010 τὸν
322 1955 567 2025 ἀδελφὸν
623 1964 714 2024 τῆς
772 1953 970 2008 ἑαυτοῦ
1025 1958 1298 2024 γυναικός.
1374 1956 1558 2009 οὐσῶν
1613 1953 1664 2010 δ’
1708 1956 1853 2030 αὐτῷ

172 2045 272 2098 δύο
314 2042 637 2112 θυγατέρων
678 2042 737 2096 ἐκ
776 2052 868 2111 τῆς
907 2050 1004 2097 τοῦ
1047 2044 1408 2110 Λεωκράτους
1448 2043 1717 2114 ἀδελφῆς,
1753 2046 1855 2114 τὴν

171 2130 271 2202 μὲν
310 2131 685 2202 πρεσβυτέραν
727 2130 846 2200 ἐμοὶ
888 2132 1112 2199 δίδωσι,
1158 2129 1246 2183 καὶ
1287 2133 1679 2200 τετταράκοντα
1717 2140 1856 2202 μνᾶς
1915 2159 1920 2162 ·

2026 1885 2035 1895 .
2010 1720 2035 1880 ss—“fflh‘
2009 1708 2014 1709 ¹
2013 1642 2020 1650 '

122 2252 127 2256 ·
173 2231 389 2292 προῖκα,
422 2222 521 2289 τὴν
565 2217 624 2273 δὲ
658 2218 931 2287 νεωτέραν
964 2220 1292 2287 Λεωκράτει.
1354 2221 1563 2273 τούτων
1596 2217 1646 2273 δ’
1685 2221 1858 2285 οὕτως
1876 2237 1985 2280 1029
2030 2226 2035 2278 ῑ

174 2308 431 2379 ἐχόντων,
472 2311 740 2378 διαφορᾶς
781 2306 1076 2376 γενομένης
1107 2315 1179 2378 τῷ
1215 2309 1548 2380 Πολυεύκτῳ
1587 2311 1723 2376 πρὸς
1758 2311 1856 2363 τὸν

175 2397 500 2467 Λεωκράτη,
546 2395 669 2465 περὶ
710 2392 772 2464 ἧς
813 2396 913 2449 οὐκ
960 2393 1066 2449 οἶδ’
1112 2395 1141 2448 ὅ
1181 2416 1231 2448 τι
1285 2397 1373 2448 δεῖ
1409 2395 1613 2464 λέγειν,
1660 2396 1855 2466 ἀφελό-

174 2506 335 2554 μενος
386 2486 414 2539 ὁ
469 2487 818 2547 Πολύευκτος
872 2486 1306 2554 τὴν“θυγατε’ρα
1356 2486 1550 2538 δίδωσι
1602 2487 1856 2557 Σπουδίᾳ

174 2578 385 2647 τουτῳί.
449 2575 580 2642 μετὰ
622 2571 681 2626 δὲ
716 2571 863 2626 ταῦτ’
903 2573 1192 2641 ἠγανάκτει
1226 2570 1284 2625 θ’
1333 2573 1360 2626 ὁ
1388 2574 1731 2644 Λεωκράτης,
1766 2573 1856 2628 καὶ

176 2665 328 2725 δίκας
377 2662 636 2731 ἐλάγχανε
679 2662 1014 2735 Πολυεύκτῳ
1062 2659 1149 2714 καὶ
1201 2658 1397 2733 τουτῳὶ
1437 2662 1721 2733 Σπουδίᾳ,
1768 2661 1857 2714 καὶ

174 2750 297 2820 περὶ
337 2751 557 2803 πάντων
597 2747 952 2818 ἠναγκάζοντ’
998 2751 1073 2813 εἰς
1115 2752 1282 2818 λόγον
1321 2752 1721 2818 καθίστασθαι,
1767 2748 1856 2802 καὶ

173 2841 235 2892 τὸ
285 2843 597 2891 τελευταῖον
647 2839 1013 2907 διελύθησαν,
1064 2835 1152 2906 ἐφ’
1200 2832 1302 2909 ᾧτε
1348 2837 1717 2907 κομισάμενον
1760 2838 1857 2892 τὸν

175 2926 509 2994 Λεωκράτην
564 2927 697 2993 ἅπερ
756 2922 821 2994 ἦν
870 2927 945 2989 εἰς
997 2927 1096 2994 τὴν
1153 2925 1346 2979 οὐσίαν
1398 2922 1857 2995 εἰσενηνεγμένος,

2022 2314 2035 2330 Ἰ

2025 2342 2035 2384 ¹.
