2035 3158
199 99 210 102 -
266 133 368 184 148
735 135 892 174 XLIX.
941 131 1446 190 [ΔΗΜΟΣΘΕΝΟΤΣ]

259 270 467 318 θεισῶν
528 269 796 335 πρότερον
855 274 963 318 τῶν
1025 267 1307 318 Βοιωτίων
1368 266 1606 334 τριήρων
1663 263 1759 336 Ἴκαὶ
1820 267 1938 320 δια-

261 355 583 406 πελθόντων
632 355 901 422 πρότερον
948 362 1056 404 τῶν
1108 345 1480 420 στρατιωτῶν,
1529 357 1740 422 μᾶλλον
1789 354 1933 426 αὐτῷ

198 452 237 485 25
263 439 551 508 ὀργίζησθε
592 440 745 508 ὑμεῖς·
830 440 887 493 oc
921 437 1021 508 μὲν
1060 440 1162 508 γὰρ
1202 443 1418 493 πολῖται
1456 430 1739 510 ἠνείχοντο
1778 461 1936 495 κακο-
2032 431 2035 482 4'

261 531 570 589 παθοῦντες
608 525 697 579 καὶ
737 525 1067 596 παρέμενον·
1121 527 1179 580 οἱ
1213 524 1273 579 δὲ
1313 525 1542 580 Βοιωτοὶ
1587 528 1686 581 οὐκ
1727 530 1936 597 ἔφασαν
2022 485 2035 626 3

260 624 610 683 παραμενεῖν,
651 616 701 667 εἰ
731 617 802 682 μή
835 635 914 676 τις
947 614 1131 676 αὐτοῖς
1170 615 1268 682 τὴν
1309 612 1435 667 καθ’
1482 613 1686 684 ἡμέραν
1723 616 1936 685 τροφὴν

262 702 441 754 δώσοι.
505 704 624 755 τότε
665 698 766 754 οὖν
815 701 1246 769 ἀναγκαζόμενος
1294 702 1593 766 δανείζεται
1631 703 1725 765 τὰς
1762 706 1937 773 χιλίας
1956 702 2035 788 υς

261 790 502 857 δραχμὰς
539 791 683 857 παρὰ
733 798 830 844 τοῦ
872 787 1256 858 Ἀντιφάνους,
1311 789 1370 851 ὃς
1410 789 1625 843 ἐπέπλει
1664 790 1936 859 ταμιεύων
2023 790 2035 861 3

260 884 332 948 τῷ
386 879 638 949 Φιλίππῳ
687 885 759 948 τῷ
807 879 1132 948 ναυκλήρῳ,
1186 875 1275 929 καὶ
1323 878 1516 930 δίδωσι
1563 885 1636 949 τῷ
1692 880 1935 951 Βοιωτίῳ

196 979 237 1010 10
260 964 482 1033 ἄρχοντι
522 973 631 1016 τῶν
663 973 818 1017 νεῶν.
883 963 1066 1032 ἐπειδὴ
1110 960 1162 1016 δ’
1209 963 1431 1032 ἀφίκετο
1466 965 1650 1034 δεῦρο,
1689 962 1936 1036 ἀπῄτουν

260 1051 426 1104 αὐτὸν
459 1052 487 1105 ὅ
519 1071 575 1105 τε
612 1054 884 1113 Φίλιππος
913 1049 1000 1104 καὶ
1034 1051 1062 1104 ὁ
1098 1048 1424 1121 Ἀντιφάνης
1463 1053 1555 1114 τὰς
1593 1055 1768 1121 χιλίας
1808 1055 1937 1123 δρα·
2000 1058 2005 1062 ’

258 1140 393 1210 χμάς
432 1139 494 1202 ἃς
527 1139 840 1192 ἐδανείσατο
882 1138 940 1192 ἐν
966 1142 1300 1210 Καλαυρείᾳ,
1340 1139 1429 1192 καὶ
1468 1140 1814 1208 ἠγανάκτουν
1854 1142 1937 1195 ὅτι
2027 1128 2035 1135 “

261 1228 326 1281 οὐ
381 1230 512 1297 ταχὺ
575 1226 976 1297 ἀπελάμβανον.
1077 1229 1425 1297 φοβούμενος
1488 1224 1538 1281 δ’
1599 1224 1758 1291 οὗτος
1810 1232 1939 1293 τοὺς

261 1315 494 1386 ἐχθροὺς
527 1318 654 1378 τοὺς
687 1314 902 1384 ἑαυτοῦ,
941 1316 1012 1384 μὴ
1051 1313 1322 1370 πύθοιντο
1357 1316 1458 1384 ὅτι,
1501 1315 1561 1378 ἃς
1594 1315 1654 1368 ἐν
1684 1325 1758 1388 τῷ
1791 1320 1937 1391 λόγῳ

260 1402 524 1472 ἀπήνεγκε
580 1408 755 1474 χιλίας
786 1398 1051 1473 δραχμὰς
1107 1405 1357 1467 δεδωκὼς
1406 1406 1482 1466 εἰς
1527 1404 1621 1466 τὰς
1672 1407 1937 1468 Βοιωτίας

260 1499 395 1553 ναῦς
442 1490 498 1544 ἐκ
546 1502 653 1544 τῶν
705 1502 1104 1561 στρατιωτικῶν
1145 1493 1463 1562 χρημάτων,
1502 1493 1699 1554 ταύτας
1740 1496 1935 1546 Φίλιπ-

197 1595 234 1625 1⁷
259 1596 358 1641 πος
391 1579 643 1642 δανείσας
675 1579 1067 1649 ἀποστερεῖται,
1108 1580 1195 1633 καὶ
1230 1582 1337 1650 ἅμα
1379 1581 1571 1642 δεδιὼς
1609 1582 1706 1633 τὸν
1741 1583 1935 1634 Φίλιπ-

258 1686 381 1736 πον,
420 1668 491 1736 μὴ
517 1671 951 1737 καταμαρτυροίη
979 1668 1148 1722 αὐτοῦ
1182 1668 1240 1722 ἐν
1273 1676 1345 1741 τῷ
1379 1668 1570 1737 ἀγῶνι,
1607 1671 1935 1737 προσελθὼν

257 1762 331 1828 τῷ
370 1753 530 1825 πατρὶ
564 1764 636 1828 τῷ
673 1755 780 1828 ἐμῷ
815 1755 1016 1824 ἐδεήθη
1059 1755 1360 1820 ἀπαλλάξαι
1399 1758 1496 1810 τὸν
1531 1759 1807 1810 Φίλιππον
1845 1757 1935 1811 καὶ

260 1850 452 1913 χρῆσαι
485 1843 629 1914 αὑτῷ
664 1844 757 1905 τὰς
789 1847 964 1913 χιλίας
998 1844 1258 1914 δραχμάς,
1290 1841 1364 1897 ἵν’
1403 1844 1634 1912 ἀποδοίη
1665 1847 1935 1918 Φιλίππῳ.

260 1931 404 2000 ὀρῶν
461 1928 509 1983 δ’
557 1931 586 1985 ὁ
637 1932 811 2001 πατὴρ
853 1931 880 1984 ὁ
923 1931 1050 2000 ἐμὸς
1096 1935 1158 1986 τό
1206 1952 1261 1985 τε
1309 1932 1543 2002 μέγεθος
1589 1941 1688 1986 τοῦ
1728 1932 1938 2001 ἀγῶνος

256 2018 447 2087 ἡλίκον
494 2015 563 2088 ἧν
611 2020 816 2092 τούτῳ,
867 2019 956 2072 καὶ
997 2020 1068 2082 ὡς
1099 2021 1355 2090 ἠπορεῖτο
1397 2016 1556 2083 οὗτος
1572 2061 1586 2088 ,
1640 2019 1729 2073 καὶ
1770 2020 1937 2074 ἐλεῶν

258 2106 445 2175 αὐτόν,
484 2109 847 2177 προσαγαγὼν
881 2110 1014 2177 πρὸς
1046 2109 1145 2176 τὴν
1177 2109 1442 2177 τράπεζαν
1482 2107 1766 2162 ἐκέλευσεν
1805 2108 1936 2162 ἀπο-

259 2197 453 2250 δοῦναι
506 2196 761 2268 Φιλίππω
816 2198 991 2265 χιλίας
1047 2197 1287 2267 δραχμὰς
1339 2202 1434 2250 τὸν
1488 2199 1786 2266 Φορμίωνα
1838 2199 1934 2250 τὸν

259 2283 662 2352 ἐπικαθήμενον
689 2282 773 2336 ἐπὶ
806 2292 868 2353 τῇ
904 2282 1151 2354 τραπέζῃ,
1183 2283 1273 2337 καὶ
1298 2285 1617 2353 γράψασθαι
1643 2284 1934 2353 ὀφείλοντα

198 2387 235 2418 18
267 2374 554 2441 Τιμόθεον.
618 2370 706 2424 καὶ
756 2369 917 2425 ταῦθ’
966 2373 1046 2425 ὅτι
1099 2372 1279 2441 ἀληθῆ
1328 2371 1470 2440 ἐστι,
1523 2374 1620 2426 τὸν
1668 2374 1834 2426 δόντα
1871 2376 1932 2426 τὸ

259 2458 523 2529 ἀργύριον
566 2463 867 2529 Φορμίωνα
906 2459 1036 2529 ὑμῖν
1076 2461 1323 2529 μάρτυρα
1357 2459 1671 2529 παρέξομαι,
1712 2459 1933 2513 ἐπειδὰν

256 2546 347 2601 καὶ
385 2546 508 2618 περὶ
547 2556 647 2602 τοῦ
686 2549 856 2601 ἄλλου
898 2551 1235 2617 συμβολαίου
1277 2550 1616 2618 διηγήσωμαι
1655 2548 1804 2617 ὑμῖν,
1843 2550 1934 2602 ἴνα

258 2643 319 2705 τῇ
370 2635 505 2704 αὐτῇ
556 2637 825 2706 μαρτυρίᾳ
874 2633 995 2703 περὶ
1048 2636 1179 2689 ὅλου
1230 2644 1328 2689 τοῦ
1377 2635 1546 2705 χρέως
1585 2635 1935 2704 ἀκούσαντες,

258 2725 433 2791 εἰδῆτε
475 2723 556 2776 ὅτι
596 2721 777 2791 ἀληθῆ
819 2721 973 2790 λέγω.
1051 2727 1196 2775 καλῶ
1238 2720 1287 2775 δ’
1334 2723 1464 2792 ὑμῖν
1505 2721 1593 2776 καὶ
1632 2724 1730 2777 τὸν
1763 2721 1933 2776 Ἀντι-

259 2810 440 2880 φάνην
478 2812 575 2864 τὸν
617 2812 942 2864 δανείσαντα
981 2812 1042 2864 τὸ
1083 2810 1348 2880 ἀργύριον
1388 2811 1590 2884 τούτῳ,
1627 2811 1722 2873 τὰς
1759 2813 1936 2882 χιλίας

259 2899 519 2968 δραχμὰς,
561 2898 619 2950 ἐν
655 2900 987 2970 Καλαυρείᾳ,
1027 2896 1114 2951 καὶ
1154 2900 1397 2966 παρόντα
1437 2899 1524 2951 ὅτε
1565 2897 1798 2970 ἀπέλαβε
1835 2902 1933 2952 Φί-
