2035 3158
749 147 905 187 ΚΑΤΑ
938 145 1244 188 ΚΟΝΩΝΟΣ.
1729 142 1838 193 219

153 282 448 349 Κόνωνος,
494 277 585 333 καὶ
623 282 957 348 προσελθεῖν
1004 277 1065 331 ἐν
1111 276 1286 348 ἀγορᾷ
1333 275 1662 347 μαχομένοις
1701 273 1841 345 Ἀρί-

156 383 323 421 στωνι
362 365 454 420 καὶ
492 375 566 439 τῷ
606 368 720 420 υἶεῖ
754 373 827 439 τῷ
870 368 1159 433 Κόνωνος,
1205 364 1293 418 καὶ
1342 366 1414 434 μὴ
1462 364 1691 430 πατάξαι
1733 366 1840 417 Κό-

87 470 132 504 83
153 476 305 510 νωνα
332 453 678 526 Ἀρίστωνα’,
719 455 792 517 ὡς
822 455 962 523 ὑμᾶς
993 453 1201 516 εὐθέως
1231 455 1639 513 πιστεύσοντας.
1677 453 1738 506 τὸ
1778 447 1833 505 δ’

154 540 359 612 ἀληθὲς
397 541 465 596 οὐ
504 540 919 610 λογιουμένους,
959 541 1042 594 ὅτι
1081 550 1299 610 πρῶτον
1340 537 1440 609 μὲν
1481 537 1730 594 οὐδέποτ’
1768 539 1838 590 ὒν

155 629 283 686 οὔθ’
330 630 360 685 6
398 633 773 700 Λυσίστρατος
813 626 938 683 οὔθ’
978 629 1007 683 6
1040 628 1260 692 Πασέας
1299 626 1425 683 οὔθ’
1465 629 1493 683 6
1527 630 1840 700 Νικήρατος

154 717 284 774 οὔθ’
327 719 357 773 ὁ
397 719 703 788 Διόδωρος,
746 720 803 772 οἳ
839 719 1145 788 διαρρήδην
1184 719 1662 787 μεμαρτυρήκασιν
1701 717 1838 785 ὁρᾶν

151 807 260 862 ὑπὸ
294 809 556 870 Κόνωνος
585 809 927 875 τυπτόμενόν
959 826 1023 875 με
1055 804 1144 859 καὶ
1176 800 1470 875 θοίμάτιον
1503 805 1838 874 ἐκδυόμενον

152 894 244 949 καὶ
295 891 446 948 τᾶλλ’
507 892 590 947 ὄσ’
646 897 883 965 ἔπασχον
937 894 1331 964 ὑβριζόμενον,
1394 893 1632 963 ἀγνῶτες
1685 895 1838 956 ὄντες

151 982 292 1037 κάπὸ
330 982 670 1052 ταύτομάτου
702 985 1133 1052 παραγενόμενοι
1178 990 1250 1055 τῷ
1291 983 1563 1052 πράγματι
1604 982 1667 1035 τὰ
1706 991 1836 1046 ψευ-

153 1073 221 1141 δῆ
267 1081 566 1141 μαρτυρεῖν
612 1069 920 1139 ἠθέλησαν,
974 1073 1025 1123 εἰ
1069 1071 1141 1139 μὴ
1192 1067 1354 1124 ταῦθ’
1402 1068 1590 1140 ἑώρων
1636 1082 1966 1124 nsaw—1267

152 1161 315 1214 θότα·
357 1156 519 1212 ἔπειτ’
559 1158 721 1221 αὐτὸς
754 1157 911 1227 ἔγωγ’
953 1155 1206 1213 οὐδέποτ’
1246 1158 1341 1227 ἂν,
1381 1160 1452 1228 μὴ
1492 1159 1690 1212 παθὼν
1729 1157 1836 1212 ὑπὸ

152 1248 351 1302 τούτου
405 1256 600 1317 ταῦτα,
663 1246 821 1317 ἀφεὶς
874 1250 1002 1310 τοὺς
1055 1245 1145 1301 καὶ
1199 1245 1325 1315 παρ’
1387 1247 1568 1300 αὐτῶν
1625 1247 1837 1300 τούτων

152 1334 630 1406 ὁμολογουμένους
666 1337 890 1389 τύπτειν
931 1334 1040 1405 ἐμέ,
1079 1337 1213 1404 πρὸς
1250 1337 1348 1389 τὸν
1388 1333 1507 1390 οὐδ’
1554 1334 1838 1404 ἁψάμενον

84 1439 128 1471 33
151 1434 371 1495 πρῶτον
409 1422 636 1477 εἰσιέναι
674 1426 1026 1493 προειλόμην.
1088 1428 1146 1477 τί
1180 1424 1283 1493 γὰρ
1324 1425 1416 1487 άν;
1460 1420 1579 1476 ἀλλ’
1625 1420 1720 1492 ὑφ’
1769 1419 1836 1477 οὗ

151 1532 212 1582 γε
250 1514 470 1581 πρώτου
517 1509 562 1565 τ’
610 1511 852 1581 ἐπλήγην
898 1510 988 1565 καὶ
1036 1510 1261 1581 μάλισθ’
1308 1512 1615 1581 ὑβρίσθην,
1660 1512 1835 1584 τούτῳ

149 1598 240 1654 καὶ
279 1600 562 1670 δικάζομαι
602 1598 692 1653 καὶ
739 1609 880 1669 μισῶ
928 1599 1017 1653 καὶ
1066 1598 1433 1670 ἐπεξέρχομαι.
1502 1598 1592 1653 καὶ
1630 1600 1695 1653 τὰ
1734 1596 1835 1669 μὲν

150 1685 277 1758 παρ’
332 1688 465 1757 ἐμοῦ
519 1685 689 1741 πάνθ’
744 1688 916 1751 οὕτως
972 1687 1120 1741 ἐστὶν
1181 1688 1363 1758 ἀληθῆ
1418 1687 1507 1742 καὶ
1561 1691 1834 1758 φαίνεται·

150 1777 325 1850 τούτῳ
358 1774 419 1830 δὲ
452 1778 524 1846 μὴ
556 1775 951 1848 παρασχομένῳ
992 1778 1219 1840 τούτους
1251 1778 1526 1846 μάρτυρας
1555 1773 1624 1846 ἦν
1656 1778 1836 1846 δήπου

152 1866 314 1934 λόγος
353 1865 554 1934 οὐδείς,
594 1864 713 1918 ἀλλ’
747 1864 1018 1934 ἡλωκέναι
1050 1864 1359 1936 παραχρῆμ’
1396 1866 1601 1936 ὑπῆρχε
1643 1874 1835 1936 σιωπῇ.

152 1955 423 2022 συμπόται
455 1951 505 2007 δ’
544 1955 697 2016 ὄντες
728 1955 926 2007 τούτου
965 1952 1054 2006 καὶ
1094 1959 1314 2007 πολλῶν
1353 1955 1618 2008 τοιούτων
1659 1956 1835 2025 ἔργων

150 2045 437 2110 κοινωνοί,
491 2044 714 2104 εἰκότως
766 2042 830 2094 τὰ
885 2043 1062 2110 ψευδῆ
1117 2044 1611 2112 μεμαρτυρήκασιν.
1688 2043 1740 2095 εἰ
1778 2039 1829 2096 δ’

151 2131 302 2182 ἔσται
325 2131 387 2183 τὸ
411 2137 633 2198 πρᾶγμα
657 2138 931 2197 τοιοῦτον,
965 2128 1060 2182 ἐὰν
1085 2129 1224 2192 ἅπαξ
1251 2129 1837 2200 ἀπαναισχυντήσωσίν

150 2236 296 2280 τινες
340 2216 430 2270 καὶ
477 2218 542 2270 τὰ
588 2218 766 2286 ψευδῆ
822 2226 1073 2287 φανερῶς
1126 2220 1472 2286 τολμήσωσιν
1520 2229 1837 2289 μαρτυρεῖν,

88 2315 92 2317 ’
152 2301 319 2358 οὐδὲν
345 2302 406 2359 δὲ
429 2313 522 2374 τῆς
555 2304 817 2374 ἀληθείας
853 2307 1067 2374 ὄφελος,
1098 2306 1399 2359 πάνδεινον
1425 2308 1574 2359 ἔσται
1599 2314 1834 2376 πρᾶγμα.

83 2392 290 2446 Μάλλὰ
329 2394 397 2462 νὴ
430 2391 525 2446 Δί’
565 2393 664 2446 οὐκ
703 2391 809 2445 εἰσὶ
848 2401 1104 2446 τοιοῦτοι.
1168 2391 1288 2446 ἀλλ’
1327 2399 1510 2447 ἴσασιν
1547 2394 1721 2463 ὑμῶν,
1763 2395 1836 2457 ὡς

152 2480 257 2550 ἐγὼ
297 2483 517 2550 νομίζω,
558 2479 753 2535 πολλοὶ
799 2479 889 2533 καὶ
935 2482 1032 2534 τὸν
1072 2484 1344 2550 Διότιμον
1390 2479 1480 2534 καὶ
1525 2484 1621 2536 τὸν
1656 2483 1835 2553 Ἀρχε-

151 2570 352 2638 βιάδην
390 2566 479 2621 καὶ
521 2570 616 2622 τὸν
658 2568 987 2638 Χαιρέτιμον
1034 2572 1130 2623 τὸν
1172 2569 1457 2624 ἐπιπόλιον
1496 2573 1742 2640 τουτονί,
1782 2574 1838 2625 οἳ

151 2654 280 2725 μεθ’
321 2656 528 2726 ἡμέραν
567 2653 667 2725 μὲν
708 2656 1166 2726 ἐσκυθρωπάκασι
1212 2656 1301 2711 καὶ
1343 2661 1660 2723 λακωνίζειν
1699 2659 1834 2729 φασὶ

151 2742 241 2797 καὶ
279 2748 548 2814 τρίβωνας
589 2748 810 2816 ἔχουσιν
850 2744 938 2798 καὶ
980 2744 1152 2808 ἁπλᾶς
1190 2745 1569 2815 ὑποδέδενται,
1610 2747 1834 2801 ἐπειδὰν

152 2828 214 2885 δὲ
253 2836 555 2901 συλλεγῶσι
596 2831 685 2886 καὶ
724 2830 837 2902 μετ’
885 2832 1137 2903 ἀλλήλων
1183 2834 1477 2903 γένωνται,
1523 2845 1705 2889 κακῶν
1744 2834 1832 2890 καὶ

83 2932 129 2968 35
151 2920 392 2990 αἰσχρῶν
431 2916 597 2974 οὐδὲν
638 2919 961 2974 ἐλλείπουσι.
1030 2920 1116 2975 καὶ
1168 2931 1335 2976 ταῦτα
1381 2923 1445 2976 τὰ
1485 2924 1703 2993 λαμπρὰ
1741 2925 1832 2978 καὶ
