2035 3158
144 161 214 213 88
650 160 783 200 XLV.
824 160 901 200 ΔΗ
908 155 1286 199 ΜΟΣΘΕΝΟΤΣ

144 293 320 360 διάγει
358 293 456 345 τὸν
485 294 630 360 βιόν,
668 299 866 344 τοῦτον
897 289 1135 358 ἡγοῦμαι
1175 286 1579 357 συνεωρακέναι
1610 284 1701 340 καὶ
1733 291 1818 340 λε·-

145 383 402 447 λογίσθαι
432 375 560 445 παρ’
599 377 766 449 αὐτῷ,
797 377 878 430 ὅτι
911 386 1024 438 τοῖς
1054 372 1154 444 μὲν
1187 374 1386 444 ἁπλῶς,
1424 374 1496 437 ὡς
1527 374 1820 444 πεφύκασι,

145 468 425 534 βαδίζουσι
464 464 553 519 καὶ
592 467 876 535 φαιδροῖς,
915 462 1003 516 καὶ
1040 461 1341 533 προσέλθοι
1381 475 1459 525 τις
1497 460 1566 515 ἂν
1604 459 1695 515 καὶ
1734 461 1820 514 δε-

145 558 306 623 ηθείη
346 552 434 607 καὶ
475 553 842 621 ἐπαγγείλειεν
890 549 1054 605 οὐδὲν
1105 551 1309 617 ὀκνῶν,
1356 559 1468 613 τοῖς
1515 545 1575 603 δὲ
1620 552 1820 622 πεπλα-

148 640 366 711 σμένοις
405 639 492 694 καὶ
542 645 894 707 σκυθρωποῖς
942 639 1226 707 ὀκνήσειεν
1266 658 1344 701 τις
1383 636 1451 690 ἂν
1489 640 1823 707 προσελθεῖν

82 744 122 775 89
147 739 376 799 πρῶτον.
440 725 604 782 οὐδὲν
653 723 755 780 οὖν
801 724 920 779 ἄλλ’
966 726 998 794 ἢ
1038 729 1326 795 πρόβλημα
1372 733 1471 778 τοῦ
1516 726 1723 794 τρόπου
1760 725 1824 776 τὸ

150 824 325 887 σχῆμα
363 812 508 869 τοῦτ’
555 818 693 883 ἔστι,
733 812 821 867 καὶ
861 815 920 867 τὸ
960 820 1052 881 τῆς
1093 814 1338 874 διανοίας
1377 812 1571 881 ἄγριον
1609 808 1700 864 καὶ
1736 829 1824 864 πι·

146 906 281 973 κρὸν
306 903 546 957 ἐνταῦθα
572 905 745 970 δηλοῖ.
808 910 1033 969 σημεῖον
1067 899 1153 953 δέ·
1195 900 1471 953 τοσούτων
1502 900 1605 968 γὰρ
1646 900 1825 952 ὄντων

149 995 208 1046 τὸ
262 996 475 1060 πλῆθος
518 989 860 1059 Ἀθηιάίων,
914 989 1164 1057 πράττων
1219 989 1359 1041 πολὺ
1414 986 1629 1056 βέλτιον
1682 985 1717 1055 ἢ
1765 982 1826 1038 σὲ

150 1088 426 1149 προσῆκον
465 1076 554 1148 ἦν,
593 1086 665 1150 τῷ
699 1075 902 1131 πώποτ’
943 1079 1277 1144 εἰσήνεγκας,
1314 1074 1347 1143 ἢ
1379 1078 1488 1128 τίνι
1520 1073 1824 1143 συμβέβλη-

151 1170 246 1221 σαί
278 1187 389 1235 πω,
427 1166 460 1235 ἢ
501 1164 602 1219 τίν’
648 1162 710 1218 εὖ
749 1170 1067 1232 πεποίηκας;
1108 1160 1293 1216 οὐδέν’
1340 1161 1408 1215 ἂν
1447 1163 1620 1215 εἰπεῖν
1659 1163 1824 1231 ἔχοις·

86 1269 128 1300 7⁰
152 1254 287 1308 ἀλλὰ
328 1258 551 1319 τοκίζων
583 1251 671 1306 καὶ
704 1255 797 1315 τὰς
837 1262 944 1305 τῶν
988 1252 1170 1303 ἄλλων
1204 1251 1488 1319 συμφορὰς
1518 1247 1609 1302 καὶ
1648 1249 1829 1318 χρείας

152 1343 491 1414 εὐτυχήματα
531 1349 735 1395 σαυτοῦ
768 1343 1023 1409 νομίζων,
1064 1337 1308 1406 ἐξέβαλες
1347 1335 1447 1406 μὲν
1486 1338 1581 1390 τὸν
1622 1343 1829 1389 σαυτοῦ

153 1437 310 1484 θεῖον
343 1434 547 1484 Νικίαν
580 1430 638 1482 ἐκ
676 1436 768 1496 τῆς
799 1424 1050 1498 πατρῴας
1081 1429 1272 1493 οἰκίας,
1311 1422 1588 1496 ἀφῄρησαι
1629 1421 1690 1478 δὲ
1728 1425 1957 1492 τὴνῃΞΒ
2004 1442 2013 1447 ’

155 1526 358 1571 σαυτοῦ
404 1517 682 1583 πενθερὰν
729 1512 875 1568 ταῦτ’
922 1511 1015 1582 αφ’
1062 1508 1139 1565 ὧν
1180 1516 1296 1581 ἔζη,
1337 1512 1591 1580 ἀοίκητον
1632 1508 1693 1565 δὲ
1730 1513 1827 1565 τὸν

150 1604 482 1675 Ἀρχεδήμου
521 1605 690 1657 παῖδα
730 1604 789 1656 τὸ
831 1610 1035 1655 σαυτοῦ
1075 1600 1236 1669 μέρος
1274 1604 1584 1669 πεποίηκας.
1648 1598 1829 1661 οὐδεὶς

158 1691 216 1746 δὲ
263 1690 480 1746 πώποθ’
524 1692 666 1744 οὕτω
714 1699 917 1754 πικρῶς
963 1687 1082 1743 οὐδ’
1127 1688 1470 1757 ὑπερήμεροι·
1516 1685 1829 1757 εἰσέπραξεν

157 1782 228 1845 ὡς
281 1783 349 1834 σὺ
403 1782 531 1842 τοὺς
585 1779 903 1848 ὀφείλοντας
957 1779 1083 1839 τοὺς
1136 1779 1341 1838 τόκους.
1419 1772 1528 1828 εἷθ’
1572 1775 1638 1828 ὃν
1676 1772 1827 1845 ὁρᾶτ’

158 1867 244 1922 ἐπὶ
293 1870 514 1921 πάντων
565 1868 736 1929 οὕτως
786 1868 979 1935 ἄγριον
1027 1863 1115 1917 καὶ
1166 1866 1391 1933 μιαρόν,
1443 1872 1639 1917 τοῦτον
1677 1863 1833 1932 ὑμεῖς

160 1953 434 2027 ἠδικηκότ’
495 1953 575 2008 ἐπ’
634 1953 937 2025 αὐτοφώρῳ
993 1955 1254 2021 λαβόντες
1309 1951 1374 2003 οὐ
1430 1954 1831 2020 τιμωρήσεσθες

161 2042 296 2099 δείν’
339 2041 426 2114 ἄρ’
470 2039 512 2096 ὦ
553 2043 749 2111 ἄνδρες
789 2040 1036 2093 δικασταὶ
1077 2041 1325 2108 ποιήσετε
1365 2037 1520 2108 κούχὶ
1561 2039 1758 2092 δίκαια.

95 2150 130 2179 ⁷¹
255 2132 441 2197 ’Ἄξιον
473 2135 663 2185 τοίνυν
697 2126 738 2182 ὦ
772 2131 967 2198 ἄνδρες
1002 2127 1283 2196 Ἀθηναῖοι
1316 2126 1404 2180 καὶ
1440 2130 1728 2196 Φορμίωνι
1757 2135 1832 2199 τῷ

159 2219 552 2292 παρασχομένῳ
578 2216 797 2272 τουτονὶ
823 2224 1113 2285 νεμεσῆσαι
1145 2225 1258 2277 τοῖς
1288 2213 1705 2285 πεπραγμένοις,
1734 2215 1835 2283 τὴν
2024 2218 2035 2273 i

161 2310 443 2363 ἀναίδειαν
476 2316 573 2361 τοῦ
605 2309 810 2375 τρόπου
842 2303 931 2357 καὶ
966 2305 1064 2372 τὴν
1105 2303 1422 2373 ἀχαριστίαν
1464 2304 1696 2366 ἰδόντας.
1757 2300 1835 2357 οἶ·

161 2419 256 2467 μαι
287 2398 392 2466 γὰρ
423 2397 662 2456 ἅπαντας
694 2394 832 2462 ὑμᾶς
864 2391 1086 2458 εἰδέναι,
1126 2392 1207 2445 ὅτι
1240 2400 1456 2458 τοῦτον,
1495 2388 1638 2458 ἡνίκ’
1674 2391 1836 2452 ὤνιος

161 2482 251 2554 ἧν,
289 2486 340 2537 εἰ
377 2482 579 2551 συνέβη
613 2482 874 2550 μάγειρον
906 2481 939 2548 ἤ
972 2500 1118 2542 τινος
1150 2480 1315 2546 ἄλλης
1347 2477 1537 2548 τέχνης
1575 2480 1835 2548 δημιουρ-

164 2576 263 2641 γὸν
313 2574 608 2639 πρίασθαι,
662 2569 761 2636 τὴν
807 2576 905 2620 τοῦ
953 2569 1220 2619 δεσπότου
1275 2564 1470 2635 τέχνην
1520 2564 1588 2617 ἂν
1637 2566 1836 2634 μαθὼν

95 2676 138 2707 ΤΞ
163 2664 348 2728 πόρρω
395 2666 504 2710 τῶν
551 2664 654 2709 νῦν
701 2657 988 2723 παρόντων
1035 2650 1103 2723 ἦν
1159 2653 1400 2729 ἀγαθῶν.
1478 2651 1664 2722 ἐπειδὴ
1711 2651 1763 2707 δ’
1805 2655 1835 2708 ὁ

162 2749 336 2816 πατὴρ
386 2746 414 2800 ὁ
465 2742 717 2813 ἡμέτερος
764 2744 1075 2811 τραπεζίτης
1122 2741 1200 2793 ὢν
1251 2737 1497 2809 ἐκτήσατ’
1541 2740 1709 2795 αὐτὸν
1746 2741 1835 2795 καὶ

166 2832 430 2905 γράμματ’
475 2834 792 2887 ἐπαίδευσεν
832 2829 919 2884 καὶ
960 2832 1057 2900 τὴν
1097 2829 1291 2900 τέχνην
1333 2829 1543 2894 ἐδίδαξε
1581 2827 1671 2882 καὶ
1708 2849 1836 2900 χρη-

166 2923 350 2990 μάτων
390 2921 607 2991 ἐποίησε
641 2922 832 2990 κύριον
864 2923 1100 2985 πολλῶν,
1140 2918 1415 2987 εὐδαίμων
1455 2915 1700 2987 γέγονεν,
1737 2918 1838 2984 τὴν
1889 2942 1902 2953 «

2032 2590 2035 2597 ,
2027 2549 2035 2570 ,Α
2027 2519 2035 2539 :22
2023 2466 2035 2514 mg..
