2035 3158
208 130 315 183 170
353 190 357 193 ἢ
750 134 801 175 L.
846 131 1352 190 [ΔΗΜΟΣΘΕΝΟΤΣ]

131 279 178 312 22
203 283 367 333 μενος
404 263 568 328 αὐτὸς
613 265 673 318 τὸ
725 267 943 334 χωρίον.
1019 262 1482 335 παραταξαμένων
1520 260 1582 319 δὲ
1619 267 1885 334 Μαρωνι·

201 360 311 405 τῶν
359 351 492 421 ἡμῖν
545 361 660 414 ταῖς
703 350 902 405 ναυσὶν
951 349 1090 422 ὑπὲρ
1144 362 1244 407 τοῦ
1289 355 1494 423 χωρίου
1545 353 1757 407 τούτου·
1793 350 1880 406 καὶ

200 439 516 508 μελλόντων
554 441 955 509 ναυμαχήσειν,
1003 439 1094 493 καὶ
1132 450 1242 494 τῶν
1282 449 1625 509 στρατιωτῶν
1664 440 1885 511 ἀπειρη-

201 529 396 595 κότων,
434 531 611 581 πλοῦν
651 530 828 581 πολὺν
860 532 1243 582 πεπλευκότων
1281 527 1367 581 καὶ
1409 532 1574 582 πλοῖα
1612 526 1884 582 ἑλκόντων

201 613 260 667 ἐκ
293 614 482 668 Θάσου
514 617 592 678 εἰς
624 616 906 684 Στρύμην,
949 618 1024 669 ἔτι
1067 614 1124 669 δὲ
1158 627 1422 686 χειμῶνος
1461 618 1619 680 ὄντος
1657 615 1746 680 καὶ
1784 625 1884 671 τοῦ

203 706 407 772 χωρίου
440 701 722 772 ἀλιμένου,
763 702 850 756 καὶ
887 703 1108 772 ἐκβῆναι
1142 704 1242 758 οὐκ
1275 705 1339 758 ὂν
1372 702 1502 759 οὐδὲ
1535 706 1883 774 δειπνοποιή-

201 796 425 860 σασθαι,
462 794 724 859 πολεμίας
753 798 847 859 τῆς
878 793 1056 860 χώρας
1095 792 1263 861 οὔσης
1301 791 1390 846 καὶ
1429 791 1885 862 περικαθημένων

202 879 382 952 κύκλῳ
421 880 483 933 τὸ
515 889 690 949 τεῖχος
722 878 812 933 καὶ
844 879 1016 944 ξένων
1055 883 1421 949 μισθοφόρων
1460 879 1548 934 καὶ
1588 882 1883 951 βαρβάρων

201 969 543 1037 προσοίκων,
598 968 898 1036 ἀναγκαῖον
954 964 1022 1037 ἦν
1078 966 1166 1021 ἐπ’
1228 969 1468 1039 ἀγκύρας
1521 968 1884 1023 ἀποσαλεύειν

203 1056 302 1125 τὴν
341 1056 511 1109 νύκτα
551 1057 881 1125 μετεώρους,
921 1055 1140 1119 ἀσίτους
1178 1055 1267 1110 καὶ
1309 1057 1642 1126 ἀγρύπνους,
1680 1061 1884 1128 φυλατ-

200 1143 463 1213 τομένους
508 1145 581 1213 μὴ
629 1151 723 1213 τῆς
768 1147 964 1207 νυκτὸς
1013 1144 1145 1214 ἡμῖν
1186 1145 1487 1198 ἐπιθῶνται
1526 1146 1588 1199 αἱ
1622 1149 1885 1214 Μαρωνι-

127 1245 174 1277 2³
201 1241 307 1285 τῶν
362 1234 612 1302 τριήρεις.
691 1235 768 1286 ἔτι
824 1230 884 1286 δὲ
932 1235 1135 1302 συνέβη
1190 1241 1283 1301 τῆς
1333 1235 1530 1297 νυκτὸς
1578 1235 1694 1306 ὥρᾳ
1733 1238 1886 1298 ἔτους

198 1320 350 1390 ὕδωρ
405 1318 495 1374 καὶ
550 1322 784 1390 βροντὰς
835 1319 922 1374 καὶ
971 1322 1176 1390 ἄνεμον
1230 1320 1401 1390 μέγαν
1451 1321 1714 1390 γενέσθαι
1764 1320 1877 1376 «ὑπ’

199 1408 366 1472 αὐτὰς
415 1409 519 1477 γὰρ
567 1410 861 1462 Πλειάδων
913 1410 1098 1472 δύσεις
1149 1410 1206 1463 οἱ
1253 1412 1443 1480 χρόνοι
1494 1406 1648 1465 οὗτοι
1698 1407 1884 1480 ἦσαν),

198 1496 253 1560 ἐξ
294 1492 372 1550 ὧν
410 1499 534 1551 τίνα
580 1498 680 1552 οὐκ
729 1503 912 1551 οἴεσθε
954 1495 994 1551 ὦ
1036 1499 1234 1568 ἄνδρες
1284 1497 1533 1552 δικασταὶ
1571 1509 1685 1562 τοῖς
1723 1511 2011 1569 &voa-1214

197 1586 415 1648 τιώταις
459 1584 708 1655 ἀθυμίαν
757 1586 1032 1656 ἐμπεσεῖν;
1081 1589 1259 1656 πόσην
1298 1585 1363 1640 δέ
1409 1607 1503 1656 μοι
1542 1588 1675 1657 μετὰ
1713 1595 1882 1641 ταῦτα

197 1672 492 1738 ἀπόλειψιν
540 1672 802 1743 γενέσθαι
848 1674 1041 1743 πάλιν,
1088 1684 1198 1728 τῶν
1245 1674 1486 1745 ἀρχαίων
1535 1685 1755 1729 ναυτῶν
1793 1695 1883 1729 τα-

200 1761 667 1832 λαιπωρουμένων
713 1759 815 1832 μὲν
861 1764 1062 1832 πολλά,
1110 1762 1513 1833 ὠφελουμένων
1564 1760 1623 1817 δὲ
1661 1762 1884 1834 βραχέα,

197 1849 301 1903 ὅσα
332 1849 437 1918 ἐγὼ
472 1852 746 1919 δυναίμην
779 1848 983 1924 ἑκάστῳ
1018 1852 1397 1920 δανειζόμενος
1428 1850 1718 1922 ἐπαρκέσαι
1749 1853 1885 1921 πρὸς

197 1931 242 2010 ᾧ
290 1940 559 2007 πρότερον
614 1935 764 2008 εἶχον
818 1936 943 2008 παρ’
1007 1938 1160 2008 ἐμοῦ,
1223 1937 1336 1992 ἐπεὶ
1387 1939 1416 1992 ὅ
1472 1958 1531 2008 γε
1586 1941 1884 2009 στρατηγὸς

199 2022 331 2079 οὐδὲ
371 2028 431 2080 τὸ
465 2022 551 2097 ἐφ’
588 2025 797 2096 ἡμέραν
828 2027 1015 2090 αὐτοῖς
1044 2028 1256 2096 τροφὴν
1298 2028 1492 2095 διαρκῆ
1533 2026 1738 2081 ἐδίδου.
1793 2027 1883 2082 καὶ

200 2115 305 2184 ἤδη
352 2124 496 2185 τρεῖς
545 2123 711 2184 μῆνες
759 2114 1311 2185 ἐπετετριηράρχηντό
1360 2135 1482 2184 μοι,
1528 2113 1619 2168 καὶ
1644 2115 1881 2169 ὀὐδέπω

199 2198 360 2266 οὗτος
413 2198 545 2272 ἧκεν
597 2201 682 2256 ἐπὶ
737 2205 836 2272 τὴν
887 2211 1059 2272 ναῦν,
1114 2201 1239 2256 ἀλλ’
1286 2201 1633 2272 ἐμισθούμην
1684 2204 1883 2268 ναύτας

201 2290 323 2344 ἀντὶ
363 2300 472 2344 τῶν
511 2290 913 2360 ἀπολιπόντων,
954 2292 1333 2359 δανειζόμενος
1372 2290 1654 2361 ἀργύριον.

128 2395 172 2426 2⁴
310 2380 486 2452 Μόνῳ
519 2383 709 2433 τοίνυν
741 2380 914 2453 τούτῳ
947 2388 1057 2433 τῶν
1089 2381 1271 2433 ἄλλων
1312 2381 1588 2450 διαδόχων
1628 2381 1729 2434 οὐκ
1767 2383 1880 2434 ἔστι

198 2470 474 2538 πρόφασις
511 2467 943 2537 ὑπολειπομένη,
994 2469 1134 2522 διότι
1176 2467 1242 2521 οὐ
1281 2468 1448 2521 πάλαι
1486 2463 1617 2537 ἧκεν
1656 2466 1743 2522 ἐπὶ
1780 2469 1880 2538 τὴν

200 2564 356 2609 ναῦν.
418 2556 448 2610 ὁ
488 2556 591 2625 γὰρ
632 2556 937 2625 Εὐκτήμων
977 2556 1006 2610 ὁ
1044 2558 1537 2626 πεντηκόνταρχος,
1574 2556 1646 2618 ὡς
1685 2555 1744 2609 ἐκ
1780 2565 1880 2611 τοῦ

190 2643 598 2713 Ἑλλησπόντου
639 2643 910 2714 ἀπεστάλη
952 2645 1137 2698 οἴκαδε
1178 2644 1513 2713 ἀσθενήσας,
1561 2643 1746 2713 ἐπειδὴ
1786 2665 1878 2698 κα-

199 2730 457 2785 τέπλευσε
481 2731 570 2785 καὶ
595 2733 795 2801 ἤκουσε
821 2740 1018 2785 τοῦτον
1051 2729 1171 2801 ἐμοὶ
1196 2732 1459 2801 διάδοχον
1490 2734 1879 2801 καθεστηκότα,

197 2821 360 2883 εἰδὼς
396 2822 494 2874 τόν
525 2840 580 2874 τε
613 2823 817 2891 χρόνον
851 2819 1110 2890 ἐξήκοντά
1148 2839 1241 2888 μοι
1280 2827 1373 2888 τῆς
1410 2822 1760 2890 τριηραρχίας
1789 2820 1876 2874 καὶ

198 2910 306 2975 ἤδη
364 2907 886 2978 ἐπιτριηραρχοῦντά
948 2928 1044 2977 με,
1103 2908 1436 2976 παραλαβὼν
1491 2911 1722 2961 Δεινίαν
1783 2910 1879 2962 τὸν
