2035 3158
594 160 754 202 ΠΡΟΣ
785 161 1221 205 ΝΙΚΟΣΤΡΑΤΟΝ.
1639 161 1746 214 207

740 357 1070 401 ΜΑΡΤΤΡΕΣ.

0 481 42 514 22
160 464 328 530 Ὅσας
352 463 452 537 μὲν
476 471 668 521 τοίνυν
692 473 990 538 μαρτυρίας
1019 464 1397 539 παρασχέσθαι
1423 467 1571 541 εἶχον
1595 470 1751 539 ὑμῖν,

66 555 138 617 ὡς
164 557 313 608 ἔστιν
331 553 692 625 Ἀρεθουσίου
720 549 1091 625 τάνδράποδα,
1122 558 1403 626 δεδήλωκα
1431 558 1578 627 ὑμῖν.
1618 559 1747 626 βού-

64 647 226 713 λομαι
276 639 337 696 δὲ
385 640 476 695 καὶ
525 641 648 712 περὶ
698 652 792 712 τῆς
839 646 1189 712 προκλήσεως
1236 647 1441 714 εἰπεῖν,
1487 645 1557 713 ἢν
1595 641 1753 698 οὗτοί

63 728 113 783 τ’
166 727 258 799 ἐμὲ
316 728 761 798 προύκαλέσαντο
813 730 902 784 καὶ
958 730 1061 800 ἐγὼ
1113 733 1357 794 τούτους.
1444 729 1598 800 οὗτοι
1648 728 1750 801 μὲν

64 819 168 887 γὰρ
216 815 308 887 ἐμὲ
354 815 799 887 προύκαλέσαντο
822 860 836 886 ,
888 819 974 872 ὅτε
1022 819 1054 887 ἡ
1107 804 1290 889 πρώτη
1341 815 1625 890 ἀνάκρισις
1662 815 1753 889 ἦν,

63 906 365 975 φάσκοντες
409 904 615 974 ἕτοιμοι
660 902 802 960 εἶναι
848 909 1214 973 παραδιδόναι
1264 906 1381 976 ἐμοὶ
1429 907 1576 980 αὐτῷ
1624 907 1752 961 τάν-

65 993 312 1063 δράποδα
351 995 663 1062 βασανίσαι,
702 997 1031 1063 βουλόμενοι
1066 999 1372 1063 μαρτυρίαν
1403 996 1526 1049 τινὰ
1565 995 1752 1059 αὐτοῖς

0 1096 38 1127 23
63 1081 266 1150 ταύτην
318 1078 592 1149 γενέσθαι.
667 1080 773 1149 ἐγὼ
827 1080 876 1134 δ’
929 1080 1302 1151 ἀπεκρινάμην
1358 1083 1543 1146 αὐτοῖς
1593 1083 1750 1137 ἐναν-

61 1172 181 1222 τίον
220 1169 535 1238 μαρτύρων,
574 1168 655 1221 ὄτι
696 1169 911 1237 ἕτοιμός
951 1171 1060 1238 εἰμι
1104 1168 1243 1222 ἰέναι
1285 1172 1362 1233 εἰς
1400 1171 1500 1240 τὴν
1539 1172 1749 1240 βουλὴν

61 1254 179 1325 μετ’
230 1257 412 1309 αὐτῶν
470 1255 559 1309 καὶ
613 1257 1062 1326 παραλαμβάνειν
1109 1255 1221 1326 μετ’
1281 1257 1490 1328 ἐκείνης
1536 1258 1569 1328 ἢ
1615 1259 1877 1328 μετάι254

61 1354 170 1398 τῶν
209 1343 422 1412 ἕνδεκα,
461 1341 636 1412 λέγων
676 1344 779 1412 ὅτι,
818 1347 870 1398 εἰ
906 1341 1006 1414 μὲν
1041 1346 1188 1398 ἰδίαν
1224 1347 1383 1414 δίκην
1423 1346 1746 1416 ἐδικαζόμην

61 1433 270 1500 αὐτοῖς,
323 1433 375 1485 εί
426 1430 545 1500 ἐμοὶ
600 1431 946 1501 ἐξεδίδοσαν,
1009 1434 1436 1502 παρελάμβανον
1491 1435 1587 1503 ἄν,
1641 1443 1746 1488 νῦν

63 1518 122 1573 δὲ
160 1528 254 1588 τῆς
290 1522 498 1582 πόλεως
543 1525 626 1589 εἴη
667 1519 1021 1590 τάνδράποδα
1067 1520 1156 1574 καὶ
1196 1521 1228 1589 ἡ
1273 1521 1586 1591 ἀπογραφή·
1628 1524 1746 1576 δεῖν

0 1623 34 1654 Η
61 1604 164 1662 οὖν
218 1609 453 1679 δημοσίᾳ
506 1610 917 1676 βασανίζεσθαι.
1009 1608 1261 1678 ἡγούμην
1315 1610 1418 1679 γὰρ
1466 1609 1534 1663 οὐ
1578 1625 1745 1678 προσ-

58 1699 212 1766 ήκειν
271 1693 391 1763 ἐμοὶ
449 1696 638 1765 ἰδιώτῃ
696 1697 815 1749 ὄντι
868 1698 996 1758 τοὺς
1053 1697 1351 1765 δημοσίους
1407 1700 1745 1766 βασανίζειν·

60 1785 183 1837 οὔτε
225 1783 327 1852 γάρ
368 1790 461 1852 τῆς
498 1784 747 1851 βασάνου
787 1784 977 1854 κύριος
1024 1783 1350 1853 ἐγιγνόμην,
1397 1785 1523 1839 οὔτε
1569 1790 1749 1850 καλῶς

60 1874 202 1942 ἔχειν
250 1871 314 1923 τὰ
366 1872 631 1939 λεγόμενα
682 1870 790 1924 ὑπὸ
845 1880 954 1924 τῶν
1007 1870 1324 1940 ἀνθρώπων
1376 1870 1467 1942 ἐμὲ
1517 1877 1750 1943 κρίνειν,

55 1960 305 2029 ἡγούμην
355 1977 410 2011 τε
463 1959 581 2011 δεῖν
629 1959 730 2027 τὴν
789 1957 963 2028 ἀρχὴν
1014 1959 1046 2029 ἢ
1098 1962 1228 2022 τοὺς
1282 1958 1590 2030 ᾑρημένους
1637 1961 1748 2016 ὑπὸ

56 2054 149 2115 τῆς
205 2049 408 2116 βουλῆς
469 2046 813 2116 γράφεσθαι,
885 2044 975 2099 καὶ
1036 2047 1594 2117 κατασημηναμένους
1650 2050 1746 2112 τὰς

56 2134 350 2204 βασάνους,
389 2133 418 2186 ὅ
456 2153 508 2186 τι
546 2140 753 2188 εἴποιεν
806 2134 864 2187 οἱ
906 2135 1218 2204 ἅνθρωποι,
1264 2135 1521 2205 παρέχειν
1568 2139 1644 2201 εἰς
1681 2140 1744 2191 τὸ

58 2222 440 2292 δικαστήριον,
497 2219 570 2274 ἵν’
628 2221 962 2285 ἀκούσαντες
1025 2221 1083 2275 ἐκ
1133 2223 1344 2276 τούτων
1395 2224 1744 2293 ἐψηφίσασθε

0 2322 34 2357 25
58 2309 252 2364 ὁποῖόν
298 2303 349 2362 τι
397 2309 529 2378 ὑμῖν
577 2309 772 2363 ε’δόκει.
843 2311 957 2381 ἰδίᾳ
998 2306 1100 2379 μὲν
1146 2310 1252 2378 γὰρ
1298 2312 1745 2382 βασανιζομένων

56 2406 166 2452 τῶν
213 2396 528 2467 ἀνθρώπων
577 2395 669 2450 ὑπ’
717 2396 854 2466 ἐμοῦ
909 2396 1209 2466 ἀντελέγετ’
1265 2397 1333 2452 ἂν
1383 2400 1594 2453 ἅπαντα
1634 2401 1743 2457 ὑπὸ

55 2487 292 2553 τούτων,
338 2487 390 2538 εἰ
426 2482 487 2538 δὲ
528 2486 790 2557 δημοσίᾳ,
836 2485 991 2555 ἡμεῖς
1039 2483 1138 2555 μὲν
1188 2486 1256 2540 ἂν
1299 2486 1643 2558 ἐσιωπῶμεν,
1691 2491 1751 2544 οἰ

57 2571 106 2626 δ’
152 2575 409 2643 ἄρχοντες
448 2573 481 2642 ἢ
521 2575 578 2627 οἶ
612 2571 874 2644 ᾑρημένοι
908 2573 1014 2627 ὑπὸ
1049 2582 1143 2644 τῆς
1175 2578 1383 2644 βουλῆς
1421 2575 1744 2645 ἐβασάνιζον

56 2660 124 2713 ἂν
163 2659 318 2731 μέχρι
358 2657 426 2715 οὗ
464 2661 649 2724 αὐτοῖς
689 2661 881 2716 ἐδόκει.
944 2669 1113 2732 ταῦτα
1156 2659 1206 2715 δ’
1256 2661 1390 2732 ἐμοῦ
1431 2663 1743 2734 ἐθέλοντος,

56 2747 156 2801 οὐκ
187 2747 256 2800 ἂν
288 2750 498 2817 ἔφασαν
530 2757 592 2818 τῇ
626 2748 763 2819 ἀρχῇ
796 2751 1159 2818 παραδοῦναι,
1202 2747 1323 2803 οὐδ’
1362 2753 1440 2814 εἰς
1469 2753 1570 2822 τὴν
1608 2756 1740 2822 βου-

55 2836 157 2904 λὴν
201 2837 410 2903 ἤθελον
455 2835 802 2890 ἀκολουθεῖν.
874 2837 946 2900 ὡς
992 2833 1094 2891 οὖν
1142 2836 1324 2907 ἀληθῆ
1371 2838 1538 2909 λέγω,
1584 2840 1738 2894 κάλει

51 2943 147 2992 μοι
185 2924 395 2977 τούτων
432 2926 562 2986 τοὺς
599 2924 889 2996 μάρτυρας.
