2035 3158
147 911 185 944 14

207 153 315 204 204
715 156 828 194 Lm.
878 154 1380 211 [Anmozz-AENOTEJ

207 284 369 348 αὐτὸς
407 281 566 348 οὗτος
602 284 1004 355 προύξένησεν,
1043 284 1128 339 ἐπὶ
1169 285 1308 340 ὀκτὼ
1349 285 1567 355 ὀβολοῖς
1606 287 1706 355 τὴν
1743 292 1888 356 μνᾶν

209 375 522 426 δανείσαντι
554 381 653 427 τοῦ
684 376 856 442 μηνὸς
896 372 1140 427 ἑκάστου.
1202 374 1388 443 λαβὼν
1420 369 1481 427 δὲ
1511 375 1571 428 τὸ
1603 371 1889 443 ἀργύριον,

208 457 307 528 οὐχ
348 459 493 522 ὅπως
538 460 697 530 χάριν
744 460 866 513 τινά
914 478 1006 529 μοι
1053 459 1393 515 ἀποδίδωσιν
1439 456 1516 515 ὧν
1562 456 1625 514 εὖ
1664 463 1891 530 ἔπαθεν,

208 544 328 599 ἀλλ’
373 545 579 609 εὐθέως
619 546 949 617 ἐπεβούλευέ
984 568 1104 617 μοι,
1150 547 1225 602 ἵν’
1271 548 1653 619 ἀποστερήσειε
1692 547 1887 619 τάργύ-

209 653 331 700 ριον
371 632 460 686 καὶ
500 636 576 697 εἰς
615 638 822 705 ἔχθραν
862 639 1182 705 κατασταίη,
1232 634 1321 690 καὶ
1368 635 1744 707 ἀπορούμενος
1781 634 1888 704 ἐγὼ

210 729 320 782 τοῖς
368 720 646 789 πράγμασι
697 721 819 785 νέος
871 723 947 776 ὢν
996 723 1025 776 ὅ
1074 744 1125 776 τι
1173 727 1478 794 χρησαίμην
1529 722 1620 777 καὶ
1669 724 1890 792 ἄπειρος

209 807 566 877 πραγμάτων,
625 809 768 873 ὅπως
817 812 890 879 μὴ
945 811 1315 879 εἰσπράττοιμι
1373 811 1542 864 αὐτὸν
1591 809 1888 880 τάργύριον

212 891 280 947 οὗ
318 894 350 963 ἡ
393 899 642 949 συνοικία
682 895 861 966 ἐτέθη,
911 895 1029 950 ἀλλ’
1074 897 1272 966 ἀφείην
1310 898 1472 970 αὐτῷ.
1533 908 1750 966 πρῶτον
1788 895 1888 967 μὲν

210 978 314 1035 οὖν
354 981 694 1051 ἐπιβουλεύει
743 1005 835 1054 μοι
882 986 1013 1054 μετὰ
1063 995 1172 1038 τῶν
1211 983 1533 1054 ἀντιδίκων,
1578 984 1667 1040 καὶ
1704 988 1889 1039 πίστιν

211 1069 396 1133 αὐτοῖς
429 1071 681 1124 δίδωσιν·
728 1070 891 1126 ἔπειτ’
928 1072 1158 1142 ἀγώνων
1189 1092 1283 1142 μοι
1316 1076 1726 1143 συνεστηκότων
1756 1074 1891 1142 πρὸς
1907 1090 2020 1130 125

212 1157 428 1227 αὐτούς,
461 1160 588 1221 τούς
619 1179 673 1212 τε
707 1163 909 1229 λόγους
935 1159 1148 1231 ἐκφέρει
1181 1180 1287 1230 μου
1312 1161 1487 1229 εἰδώς,
1518 1159 1607 1214 καὶ
1633 1160 1889 1232 ἐγγράφει

212 1253 284 1317 τῷ
350 1247 594 1320 δημοσίω
657 1247 1035 1317 ἀπρόσκλητον
1091 1247 1143 1312 ἐξ
1200 1247 1458 1318 ἐμφανῶν
1520 1249 1892 1312 καταστάσεως

214 1332 473 1403 ἐπιβολὴν
525 1333 804 1399 ἑξακοσίας
853 1334 942 1389 καὶ
996 1334 1126 1389 δέκα
1178 1336 1448 1406 δραχμάς,
1499 1337 1588 1389 διὰ
1640 1337 1890 1391 Λυκίδου

213 1428 310 1474 τοῦ
363 1426 664 1491 μυλωθροῦ
718 1424 1084 1493 ποιησάμενος
1137 1426 1236 1493 τὴν
1293 1425 1468 1494 δίκην.
1545 1428 1784 1494 κλητῆρα
1829 1421 1890 1478 δὲ

211 1505 328 1561 κατ’
372 1508 504 1578 ἐμοῦ
544 1513 639 1565 τόν
678 1531 733 1564 τε
775 1511 1016 1582 ἀδελφὸν
1058 1514 1153 1566 τὸν
1195 1512 1364 1566 αὑτοῦ
1403 1514 1499 1566 τὸν
1533 1510 1890 1581 Ἀρεθούσιον

213 1604 408 1650 τοῦτον
464 1596 841 1668 ἐπιγράφεται,
905 1595 1073 1666 οὗπέρ
1131 1599 1241 1652 ἐστι
1296 1598 1650 1670 τάνδράποδα
1702 1607 1891 1669 ταῦτα,

214 1682 302 1737 καὶ
343 1685 509 1738 ἄλλον
549 1686 691 1738 τινά·
732 1684 820 1739 καὶ
861 1688 1351 1756 παρεσκευάζοντο,
1401 1688 1452 1740 εἰ
1496 1686 1891 1757 ἀνακρινοίμην

214 1773 347 1825 κατὰ
397 1781 506 1825 τῶν
558 1775 774 1828 οἰκείων
825 1784 934 1828 τῶν
985 1774 1328 1828 ἀδικούντων
1378 1795 1441 1844 με
1494 1776 1586 1839 τὰς
1632 1776 1786 1838 δίκας
1829 1775 1892 1838 ἃς

214 1861 450 1929 εἰλήχειν
489 1860 692 1929 αὐτοῖς,
732 1861 1079 1915 ἐνδεικνύναι
1127 1881 1191 1930 με
1241 1863 1313 1925 ὡς
1352 1862 1643 1933 ὀφείλοντα
1682 1850 1890 1934 τῷχδη-

172 1961 189 1992 ⁵
215 1951 387 2021 μοσίῳ
431 1946 519 2001 καὶ
553 1947 842 2017 ἐμβάλλειν
882 1951 958 2012 εἰς
996 1952 1054 2003 τὸ
1096 1951 1482 2018 δεσμωτήριον.
1543 1952 1620 2003 ἔτι
1661 1946 1720 2003 δὲ
1757 1952 1893 2021 πρὸς

214 2036 427 2098 τούτοις
466 2036 494 2089 ὁ
537 2033 935 2105 [Ἀρεθούσιοςὶ
989 2035 1365 2106 ἀπρόσκλητόν
1413 2057 1518 2106 μου
1560 2035 1891 2106 (ἑξακοσίων

215 2121 339 2192 καὶ>
381 2123 510 2176 δέκα
551 2125 809 2194 δραχμῶν
859 2126 1017 2192 δίκην
1064 2125 1558 2193 καταδικασάμενος
1598 2122 1723 2191 <καὶ
1761 2133 1891 2190 ψευ·

217 2212 362 2280 δεῖς)
403 2215 670 2280 κλητῆρας
718 2211 1182 2282 ἐπιγραψάμενος,
1228 2211 1318 2266 καὶ
1356 2213 1624 2266 εἰσελθὼν
1671 2213 1748 2276 εἰς
1791 2213 1892 2282 τὴν

216 2300 395 2352 οἰκίαν
433 2300 526 2370 βίᾳ
565 2300 628 2351 τὰ
670 2300 833 2368 σκεύη
872 2301 1047 2354 πάντα
1087 2299 1404 2370 ἐξεφόρησε,
1442 2299 1610 2355 πλέον
1649 2300 1682 2369 ἢ
1721 2305 1892 2355 εἴκοσι

216 2396 368 2454 μνῶν
408 2385 555 2454 ἄξια,
602 2384 691 2439 καὶ
739 2385 861 2440 οὐδ’
904 2387 1092 2442 ὁτιοῦν
1140 2387 1440 2442 κατέλιπεν.
1502 2389 1590 2443 ὅτε
1631 2385 1692 2442 δὲ
1731 2408 1891 2457 τιμω-

217 2478 434 2538 ρεῑσθαι
468 2472 621 2544 ᾤμην
655 2475 792 2542 δεῖν,
831 2473 919 2528 καὶ
962 2475 1201 2539 ἐκτείσας
1231 2483 1304 2548 τῷ
1340 2477 1585 2549 δημοσίῳ
1623 2477 1684 2529 τὸ
1724 2477 1892 2545 ὄφλη-

217 2581 308 2627 μα,
347 2559 532 2629 ἐπειδὴ
573 2561 860 2631 ἐπυθόμην
908 2564 1007 2632 τὴν
1055 2563 1342 2633 ἐπιβολήν,
1382 2564 1631 2633 ἐβάδιζον
1671 2562 1757 2617 ἐπὶ
1795 2566 1893 2618 τὸν

217 2657 454 2717 κλητῆρα
493 2652 590 2702 τὸν
631 2650 1007 2717 ὁμολογοῦντα
1053 2648 1463 2721 κεκλητευκέναι
1503 2653 1598 2705 τὸν
1632 2647 1892 2720 Ἀρεθού-

218 2750 337 2789 σιομ
389 2744 482 2804 τῆς
532 2737 958 2806 ψευδοκλητείας
1009 2740 1140 2791 κατὰ
1193 2742 1289 2793 τὸν
1339 2741 1543 2808 νόμον,
1594 2737 1779 2792 ἐλθὼν
1816 2740 1894 2802 είς

217 2826 277 2877 τὸ
333 2828 534 2893 χωρίον
589 2833 680 2892 τῆς
734 2828 955 2890 νυκτός,
1019 2826 1119 2879 ὅσα
1182 2826 1311 2895 ἐνῆν
1371 2827 1515 2897 φυτὰ
1569 2825 1892 2896 ἀκροδρύων

217 2914 489 2977 γενναίων
530 2910 901 2981 ἐμβεβλημένα
942 2912 1025 2966 καὶ
1069 2915 1162 2976 τὰς
1201 2913 1613 2982 ἀναδενδράδας
1651 2911 1891 2982 ἐξέκοψε,
