2035 3158
813 168 973 209 ΠΡΟΣ
1004 167 1319 209 ΤιΜοΘΕοΝ
1807 169 1917 221 155

232 321 357 372 ριον
388 294 472 365 οἷς
503 296 664 364 οὗτος
696 299 941 353 ἐκέλευσε
973 297 1444 373 καὶκαθημένους
1475 298 1562 354 ἐπὶ
1591 308 1654 370 τῇ
1687 302 1919 373 τραπέζῃ

231 392 370 458 τότε,
387 388 475 442 καὶ
496 392 684 442 πίστιν
707 386 952 457 ἠθέλησα
985 386 1237 460 Τιμοθέῳ
1264 387 1557 453 ἐπιθεῖναι,
1580 388 1650 456 ἣν
1667 387 1920 458 ἀναγνῶ·
1994 446 1998 449 ,

212 493 383 532 *σεται
421 477 569 547 ὑμῖν.

968 563 1167 604 ΟΡΚΟΣ

343 654 428 707 Οὐ
458 655 648 707 τοίνυν
682 648 725 705 ὦ
758 652 957 720 ἄνδρες
997 649 1247 704 δικασταὶ
1287 652 1500 721 γράψας
1536 671 1631 722 μοι
1669 653 1700 707 ὁ
1738 655 1914 724 πατὴρ

231 739 479 796 κατέλιπε
526 741 591 793 τὰ
637 737 769 810 χρεά
816 741 1019 809 μόνον,
1067 738 1206 792 ἀλλὰ
1253 738 1342 793 καὶ
1392 743 1579 808 ἔλεγεν
1618 740 1914 810 ἀρρωστῶν

228 831 264 883 ἅ
299 824 346 884 τ’
390 828 665 898 ὀφείλοιτο
713 827 857 899 αὐτῷ
907 827 1156 896 ἕκαστον,
1207 826 1295 880 καὶ
1342 825 1468 898 παρ’
1515 822 1587 900 ᾧ,
1632 826 1722 882 καὶ
1768 831 1844 894 εἰς
1884 831 1914 884 ὅ

227 937 278 971 τι
317 916 533 985 ἐλήφθη
573 917 634 969 τὸ
674 915 961 984 ἀργύριον,
1001 914 1092 969 καὶ
1133 923 1205 987 τῷ
1249 915 1470 988 ἀδελφῷ
1513 925 1585 988 τῷ
1628 917 1752 989 ἐμῷ.
1822 918 1913 972 καὶ

228 1006 301 1068 ὡς
344 1000 496 1058 ταῦτ’
541 1002 724 1073 ἀληθῆ
772 1003 940 1072 λέγω,
988 1002 1281 1072 ἀνάγνωθί
1322 1023 1416 1072 μοι
1466 1005 1567 1074 τὴν
1604 1010 1913 1077 μαρτυρίαν

225 1100 326 1148 τοῦ
363 1091 624 1152 ἀδελφοῦ.

912 1179 1230 1222 MAPTTPIA.

159 1285 201 1320 a
327 1266 419 1331 Ὡς
456 1266 558 1338 μὲν
595 1271 788 1323 τοίνυν
819 1270 1151 1337 κατελείφθη
1191 1258 1431 1337 ὀφείλων
1472 1272 1742 1339 Τιμόθεος
1778 1271 1911 1341 ἡμῖν

224 1359 285 1413 τὸ
325 1357 592 1425 ἀργύριον
631 1356 738 1410 ὑπὸ
777 1365 876 1410 τοῦ
914 1359 1142 1424 πατρός,
1182 1352 1250 1410 οὗ
1291 1358 1574 1427 δικάζομαι
1615 1358 1783 1431 αὐτῷ,
1820 1359 1910 1413 καὶ

224 1448 466 1515 γίγνεται
499 1444 632 1515 ἐμὸν
663 1446 724 1498 τὸ
756 1442 937 1513 μέρος,
977 1443 1006 1497 ὅ
1038 1464 1093 1497 τε
1130 1444 1368 1514 ἀδελφός
1406 1466 1499 1514 μοι
1531 1448 1908 1517 μεμαρτύρηκε

222 1532 313 1587 καὶ
352 1533 382 1587 ὁ
425 1535 690 1602 Φορμίων
730 1531 759 1585 ὁ
801 1533 934 1595 δοὺς
965 1534 1024 1586 τὸ
1058 1532 1344 1602 ἀργύριον,
1383 1533 1531 1609 κάγὼ
1572 1536 1782 1589 τούτων
1820 1540 1906 1590 πί-

224 1636 343 1676 στιν
397 1621 645 1690 ἠθέλησα
697 1619 986 1673 ἐπιθεῖναι.
1062 1621 1545 1690 προκαλεσαμένου
1598 1619 1658 1675 δὲ
1709 1624 1907 1678 τούτου
1930 1642 2035 1682 1197

221 1711 358 1780 πρὸς
407 1717 481 1781 τῷ
535 1710 781 1777 διαιτητῇ
831 1706 923 1761 καὶ
973 1710 1295 1772 κελεύοντος
1342 1709 1586 1777 ἐνεγκεῖν
1634 1712 1698 1764 τὰ
1738 1712 1908 1781 γράμ-

152 1810 155 1813 “
222 1817 363 1866 ματα
400 1798 465 1850 τὰ
505 1796 609 1849 ἀπὸ
657 1803 750 1864 τῆς
788 1794 1071 1865 τραπέζης,
1117 1795 1206 1850 καὶ
1256 1797 1563 1866 ἀντίγραφα
1604 1801 1907 1863 αἰτοῦντος,

220 1883 535 1954 πέμψαντος
562 1886 944 1953 Φρασιηρίδην
981 1884 1067 1938 ἐπὶ
1101 1886 1200 1954 τὴν
1233 1886 1520 1955 τράπεζαν,
1559 1894 1633 1959 τῷ
1674 1907 1730 1941 τε
1759 1892 1906 1959 Φρα-

223 1974 443 2044 σιηρίδῃ
492 1970 772 2039 ἐξενέγκας
819 1973 993 2024 ἔδωκα
1038 1975 1211 2040 ζητεῖν
1263 1974 1325 2025 τὰ
1368 1974 1654 2042 γράμματα
1693 1974 1783 2029 καὶ
1823 1975 1907 2030 ε’κ-

221 2060 533 2130 γράφεσθαι
566 2059 668 2112 ὅσα
699 2055 859 2122 οὗτος
893 2061 1144 2129 ὤφειλεν,
1182 2059 1272 2113 καὶ
1305 2061 1377 2123 ὡς
1408 2062 1677 2131 ὡμολόγει
1717 2067 1906 2134 λαβεῖν

221 2143 383 2211 οὗτος
417 2147 485 2201 τὰ
523 2146 850 2218 ἀντίγραφα,
889 2147 1184 2216 ἀνάγνωθί
1217 2169 1310 2217 μοι
1349 2151 1450 2218 τὴν
1489 2155 1809 2223 μαρτυρίαν.

904 2324 1214 2365 ΜΑΡΤΤΡΙΑ.

155 2433 200 2465 44
335 2414 489 2480 Πρὸς
550 2414 740 2464 τοίνυν
801 2413 898 2464 τὸν
955 2413 1237 2482 διαιτητὴν
1291 2417 1618 2484 κομίσαντός
1678 2436 1786 2486 μου
1840 2420 1905 2471 τὰ

221 2500 530 2570 γράμματα,
568 2500 761 2567 παρὼν
793 2499 821 2553 ὁ
857 2503 1120 2568 Φορμίων
1151 2500 1242 2554 καὶ
1281 2502 1309 2556 ὁ
1348 2503 1644 2572 Εὐφραῖος,
1685 2505 1743 2559 οἶ
1777 2506 1905 2559 δόν-

221 2606 308 2650 τες
344 2589 404 2641 τὸ
445 2588 712 2656 ἀργύριον
752 2580 833 2649 οἷς
873 2587 1156 2642 ἐκέλευσεν
1189 2587 1364 2659 οὗτος,
1407 2592 1696 2662 ἐξήλεγχον
1734 2593 1904 2648 αὐτὸν

223 2673 284 2728 ἐν
324 2667 405 2737 οἷς
444 2694 498 2739 τε
537 2678 757 2745 χρόνοις
795 2674 1021 2729 ἕκαστον
1055 2676 1389 2746 ἐδανείσατο,
1430 2678 1518 2731 καὶ
1560 2680 1706 2744 ὅστις
1745 2684 1904 2751 ἔλαβε

222 2763 284 2816 τὸ
317 2761 602 2833 ἀργύριον,
642 2761 731 2815 καὶ
770 2765 845 2825 εἰς
879 2763 910 2815 ἃ
943 2768 1324 2834 κατεχρήσατο.
1387 2766 1414 2820 ὁ
1456 2766 1515 2819 δὲ
1556 2768 1648 2831 τὰς
1685 2766 1787 2838 μὲν
1825 2791 1904 2840 χι-

226 2853 345 2914 λίας
382 2849 471 2904 καὶ
511 2854 822 2918 τριακοσίας
869 2850 955 2904 καὶ
1004 2855 1337 2921 πεντήκοντα
1378 2853 1466 2907 καὶ
1505 2859 1636 2924 μιάν
1675 2855 1766 2910 καὶ
1807 2856 1897 2912 δύ’

226 2936 433 3006 ὀβολώ,
480 2937 543 3001 ἃς
580 2939 795 3006 πρώτας
842 2938 1156 2993 ἐδανείσατο
1197 2949 1293 2994 τοῦ
1335 2954 1698 3012 μουνιχιῶνος
1735 2948 1906 3015 μηνὸς
