2035 3158
186 158 256 208 12
680 156 821 197 XLII.
869 151 1374 210 [ΔΗΜΟΣΘΕΝΟΊΣΙ
1415 175 1422 184 ·

186 292 419 359 εφόρησε
462 286 550 341 καὶ
591 288 783 354 τᾶλλα,
832 287 1011 354 ὥσπερ
1064 284 1317 352 ἐξουσίαν
1365 284 1666 345 δεδωκότος
1713 282 1860 353 αὐτῷ

187 386 285 431 τοῦ
324 380 499 445 νόμου
539 384 718 428 ποιεῖν
751 373 779 425 ὅ
813 393 863 426 τι
895 373 962 425 ἂν
996 373 1258 440 βούληται
1297 370 1385 423 καὶ
1425 373 1496 439 μὴ
1539 372 1610 433 ὡς
1648 371 1864 423 δίκαιόν

146 479 163 509 3
190 465 350 518 ἐστιν.
415 463 518 531 ἐγὼ
561 459 612 514 δ’
654 457 694 513 ὦ
729 461 925 528 ἄνδρες
958 457 1206 518 δικασταὶ
1238 459 1431 526 ἥδιστα
1464 455 1563 527 μὲν
1593 457 1661 510 ἂν
1702 456 1865 525 ἐμαυ-

188 554 284 605 τὸν
335 547 487 603 εἶδον
539 543 877 617 εὐτυχοῦνθ’·
915 547 1095 616 ὥσπερ
1145 549 1413 614 πρότερον
1462 548 1541 615 τῇ
1577 544 1738 614 οὐσίᾳ
1775 542 1865 596 καὶ

189 626 404 707 μένοντ’
468 638 526 691 ἐν
581 645 693 697 τοϊς
748 637 1098 705 τριακοσίοις·
1156 633 1341 701 ἐπειδὴ
1398 630 1459 686 δὲ
1512 634 1575 685 τὰ
1629 629 1728 702 μὲν
1773 640 1870 700 τῆς

189 734 374 793 κοινῆς
414 725 634 794 ἀτυχίας
674 723 954 792 μετασχὼν
987 731 1099 784 τοῖς
1131 723 1315 783 ἄλλοις
1348 732 1460 783 τοῖς
1491 719 1870 789 ἐργαζομένοις

190 814 249 866 ἐν
274 823 386 875 τοῖς
412 816 609 882 ἔργοις,
634 812 697 864 τὰ
725 812 756 863 δ
765 809 776 829 '
803 813 915 882 ἰδία
940 811 1195 878 μεγάλαις
1222 809 1636 877 περιπεπτωκὼς
1662 810 1871 875 ζημίαις

190 901 504 955 ἀπολώλεκα
529 902 629 968 τὴν
656 900 871 966 οὐσίαν,
903 897 991 951 καὶ
1022 900 1082 951 τὸ
1116 901 1427 950 τελευταῖον
1455 898 1589 948 νυνί
1608 915 1670 963 με
1698 896 1786 948 δεῖ
1804 903 1866 963 τῇ

189 993 344 1042 πόλει
376 990 496 1057 τρία
528 988 762 1039 τάλαντα
795 991 1135 1052 καταθεῖναι,
1177 984 1443 1036 τάλαντον
1483 983 1616 1035 κατὰ
1647 984 1747 1050 τὴν
1779 1002 1867 1050 με-

192 1078 316 1145 ρίδα
365 1086 373 1119 ἴ
388 1074 647 1144 μετέσχον
695 1075 826 1143 γὰρ,
882 1075 953 1136 ὡς
1000 1075 1070 1142 μή
1119 1070 1235 1125 ποτ’
1292 1072 1533 1140 ὤφελον,
1579 1070 1726 1138 κάγὼ
1774 1078 1872 1123 τοῦ

192 1162 561 1232 δημευθέντος
601 1160 914 1233 μετάλλου),
954 1161 1253 1229 ἀναγκαῖόν
1295 1159 1441 1212 ἐστιν
1482 1161 1558 1221 εἰς
1595 1160 1695 1226 τὴν
1737 1146 1872 1226 ἐμὴν
1935 1195 1939 1198 »
2013 1158 2018 1166 ’

192 1251 342 1319 τάξιν
381 1257 677 1321 πειρᾶσθαι
718 1250 1047 1302 καθιστάναι
1086 1251 1183 1301 τὸν
1225 1247 1291 1300 οὐ
1331 1250 1504 1315 μόνον
1548 1246 1726 1314 [ἐμοῦ]
1767 1253 1908 1299 νῦν·

193 1342 323 1393 ὄντα
370 1340 802 1407 πλουσιώτερον,
851 1338 988 1390 ἀλλὰ
1035 1334 1124 1389 καὶ
1172 1338 1466 1403 πρότερον,
1505 1332 1594 1386 καὶ
1634 1333 1872 1387 οὐδεπώ-

193 1426 310 1481 ποτ’
351 1425 516 1480 οὐδὲν
557 1423 1023 1497 λελῃτουργηκόθ’
1062 1424 1194 1493 ὑμῖν
1229 1420 1347 1476 οὐδ’
1388 1425 1770 1492 εἰσενηνοχότα
1809 1430 1873 1492 τῇ

193 1520 364 1585 πόλει.
427 1513 617 1582 δέομαι
657 1510 760 1567 οὖν
798 1514 954 1582 ὑμῶν
995 1511 1249 1564 ἁπάντων
1291 1507 1331 1562 ὦ
1373 1511 1569 1579 ἄνδρες
1608 1512 1875 1578 δικασταί,
2021 1540 2035 1560 ι

196 1604 291 1656 ἐὰν
331 1603 653 1656 ἐπιδεικνύω
697 1606 1012 1654 Φαίνιππον
1060 1598 1279 1652 τουτονὶ
1328 1598 1416 1651 καὶ
1463 1600 1875 1666 παραβεβηκότα

195 1693 258 1744 τὰ
285 1691 343 1744 ἐν
368 1702 480 1753 τοῖς
506 1693 694 1759 νόμοις
720 1692 903 1742 δίκαια
929 1687 1016 1741 καὶ
1041 1689 1448 1756 πλουσιώτερον
1477 1684 1587 1739 ὅντ’
1621 1685 1876 1757 ἐμαυτοῦ,
1896 1678 2035 1755 104οξ

196 1782 475 1848 βοηθῆσαί
520 1799 611 1847 μοι
663 1777 751 1830 καὶ
802 1787 998 1831 τοῦτον
1056 1778 1132 1839 εἰς
1181 1778 1308 1838 τοὺς
1358 1777 1701 1844 τριακοσίους
1752 1771 1869 1827 ἀντ’
2010 1760 2035 1850 i

2023 1848 2035 1871 1⁵1

198 1868 331 1935 ἐμοῦ
377 1875 725 1935 καταστῆσαι·
782 1867 874 1919 διὰ
922 1874 1081 1920 τοῦ,το
1131 1865 1232 1932 γὰρ
1281 1864 1338 1916 οἵ
1379 1867 1540 1932 νόμοι
1586 1860 1710 1914 καθ’
1758 1860 1878 1914 ἕκα-

199 1971 329 2008 στον
376 1958 493 2017 ἔτος
538 1964 760 2008 ποιοῦσι
806 1956 900 2017 τὰς
947 1952 1276 2016 ἀντιδόσεις,
1334 1951 1417 2004 ὅτι
1464 1953 1524 2004 τὸ
1574 1952 1879 2019 διευτυχεῖν

200 2053 437 2113 συνεχῶς
476 2052 538 2113 τῇ
580 2044 767 2114 οὐσία,
807 2043 873 2096 οὐ
912 2046 1135 2102 πολλοῖς
1174 2050 1283 2099 τῶν
1324 2044 1561 2092 πολιτῶν
1602 2036 1880 2106 διαμένειν

199 2137 450 2202 εἰθισται..
517 2131 569 2195 ἐξ
611 2130 776 2200 ἀρχῆς
817 2127 869 2182 δ’
922 2130 1050 2198 ὑμῖν
1101 2130 1311 2180 ἅπαντα
1350 2127 1413 2178 τὰ
1453 2128 1718 2193 γενόμενα
1758 2124 1881 2194 περὶ

2024 1875 2035 1938 ἐξ

199 2221 298 2288 τὴν
338 2219 622 2273 ἀντίδοσιν
663 2221 1008 2286 διηγήσομαι.

318 2309 428 2360 Τοῦ
460 2308 562 2377 γὰρ
596 2316 1046 2375 μεταγειτνιῶνος
1085 2307 1254 2373 μηνὸς
1294 2299 1335 2355 ὦ
1378 2304 1574 2371 ἄνδρες
1615 2299 1882 2366 δικασταὶ,

200 2404 271 2464 τῇ,
304 2393 530 2466 δευτέρα
571 2393 882 2462 ἱσταμένου,
923 2393 1149 2446 ἐποίουν
1182 2393 1239 2444 οἱ
1268 2389 1557 2459 στρατηγοὶ
1589 2399 1701 2452 τοῖς
1736 2410 1881 2457 τρια-

201 2487 406 2545 κοσιόις
444 2484 536 2544 τὰς
576 2474 895 2544 ἀντιδόσεις.
970 2481 1030 2534 ἐν
1070 2481 1288 2541 ταύταις
1336 2479 1560 2532 ἐκάλεσα
1607 2479 1740 2530 κατὰ
1786 2480 1882 2530 τὸν

205 2574 374 2638 νόμον
417 2575 731 2628 Φαίνιππον
771 2572 1009 2622 τουτονί.
1074 2567 1305 2629 καλέσας
1339 2563 1398 2619 δὲ
1431 2564 1519 2618 καὶ
1551 2566 1882 2633 παραλαβὼν

202 2670 311 2712 τῶν
351 2661 566 2712 οἰκείων
607 2658 757 2719 τινὰς
795 2656 885 2709 καὶ
925 2661 1122 2725 φίλων,
1165 2655 1509 2722 ἐπορευόμην
1551 2639 1876 2721 Κύθηρόνδ’

201 2749 280 2810 είς
319 2748 416 2815 τὴν
457 2746 708 2815 ἐσχατιὰν
750 2746 933 2798 αὐτοῦ.
1006 2743 1096 2796 καὶ
1135 2753 1354 2812 πρῶτον
1401 2739 1500 2811 μὲν
1539 2742 1883 2811 περιαγαγὼν

204 2837 303 2907 τὴν
358 2834 610 2904 ἐσχατιὰν
667 2834 835 2887 πλέον
891 2832 924 2901 ἣ
973 2834 1210 2885 σταδίων
1267 2827 1438 2884 οὖσαν
1495 2829 1885 2898 τετταράκοντα

204 2926 404 2993 κύκλῳ,
445 2921 619 2985 ἔδειξα
659 2920 745 2974 καὶ
788 2920 1232 2990 διεμαρτυράμην
1267 2918 1517 2971 ἐναντίον
1553 2918 1886 2984 Φαινίππου,
