2035 3158
615 119 775 162 RATA
807 118 1318 164 οΛΤΜΠῙοΔΩΡοΥ.
1701 115 1810 169 135

120 254 305 325 ἄρχων
345 253 677 315 Πυθόδοτος
711 252 847 305 κατὰ
877 253 976 306 τὸν
1005 253 1180 321 νόμον
1220 251 1320 320 τὴν
1357 247 1580 306 τουτουὶ
1611 247 1807 319 Ὀλυμ-

119 342 401 411 πιοδώρου
440 340 864 411 ἀμφισβήτησιν.
934 340 1327 409 διαγραφείσης
1374 335 1435 392 δὲ
1482 339 1704 408 ταύτης,
1751 335 1806 401 ἐξ

118 428 359 499 ἀνάγκης
402 426 566 498 κάμοὶ
603 424 675 497 ἦν
713 426 955 481 ἐκλιπεῖν
993 428 1094 496 τὴν
1131 435 1232 481 τοῦ
1269 426 1597 496 ἡμικληρίου
1644 425 1809 495 ἀμφι-

120 517 400 586 σβήτησιν.
461 508 778 584 γενομένων
813 511 880 568 δὲ
916 514 1155 582 τούτων,
1195 513 1515 567 ἐπεδίκασεν
1554 514 1583 568 ὁ
1623 514 1809 583 ἄρχων

120 613 234 667 τοῖς
257 603 558 666 ἀντιδίκοις
579 611 694 665 τοῖς
724 596 1009 672 ἡμετέροις
1037 603 1135 655 τὸν
1166 605 1373 670 κλῆρον
1396 603 1495 656 τὸν
1519 603 1808 671 Κόμωνος·

54 706 95 738 2‘1
119 698 289 744 ταῦτα
335 689 441 759 γὰρ
488 690 548 744 οἰ
588 692 753 760 νόμοι
799 689 971 744 αὐτὸν
1018 689 1324 759 ἠνάγκαζον
1362 698 1557 743 ποιεῖν.
1621 688 1807 758 ἐπειδὴ

121 776 170 832 δ’
228 777 649 847 ἐπεδικάσαντο,
701 776 875 840 εὐθὺς
924 779 1003 840 εἰς
1052 781 1288 847 Πειραιᾶ
1340 777 1599 840 ἐλθόντες
1646 795 1809 846 παρε-

120 866 404 935 λάμβανον
441 863 640 935 πάνθ’,
679 864 783 919 ὅσα
820 865 978 935 ἡμῶν
1010 862 1155 936 εἶχεν
1196 864 1447 935 ἑκάτερος
1487 866 1810 935 νειμάμενος

118 952 180 1007 ἐν
226 961 292 1024 τῇ
340 954 538 1024 μερίδι.
623 952 772 1022 κάγὼ
823 950 925 1023 μὲν
977 953 1268 1023 ἐπιδημῶν.
1308 954 1471 1017 αὐτὸς
1518 952 1809 1023 παρέδωκα

120 1040 352 1112 (ἀνάγκη
392 1042 498 1111 γὰρ
537 1036 608 1110 ἡν
647 1045 945 1094 πείθεσθαι
984 1051 1097 1104 τοῖς
1137 1039 1380 1113 νόμοις),
1420 1042 1485 1094 τὰ
1526 1038 1575 1095 δ’
1615 1039 1810 1110 Ὀλυμ-

117 1129 417 1198 πιοδώρου,
440 1128 860 1199 ἀποδημοῦντος
890 1130 1109 1198 τούτου,
1138 1131 1351 1182 ἅπαντα
1377 1128 1586 1201 ᾤχοντο
1612 1133 1811 1199 λαβόν-

0 1217 4 1334 '¹
116 1237 228 1285 τες,
280 1219 425 1287 πλὴν
479 1226 578 1272 τοῦ
633 1217 905 1287 ἀργυρίου
967 1214 1035 1272 οὗ
1098 1214 1243 1288 εἶχεν
1297 1217 1461 1280 αὐτὸς
1511 1217 1656 1286 παρὰ
1710 1225 1809 1271 τοῦ

117 1304 421 1376 ἀνθρώπου
468 1314 568 1360 τοῦ
615 1304 859 1374 οἰκέτου,
906 1305 971 1359 ὃν
1019 1305 1368 1375 ἐβασάνισεν·
1408 1305 1475 1359 οὐ
1514 1305 1618 1374 γὰρ
1658 1301 1809 1376 εἶχον

52 1410 94 1442 ³8
119 1392 260 1446 ὅπου
291 1393 642 1463 ἐπιλάβοιντο
671 1402 770 1447 τοῦ
802 1392 1087 1463 ἀργυρίου.
1142 1392 1231 1447 καὶ
1264 1394 1328 1446 τὰ
1360 1390 1460 1462 μὲν
1491 1395 1809 1465 πραχθέντα

0 1456 3 1480 Ι
116 1479 266 1535 ταῦτ’
311 1477 383 1551 ἦν
423 1481 483 1535 ἐν
523 1489 586 1552 τῇ
628 1481 908 1553 ἀποδημίᾳ
953 1490 1017 1552 τῇ
1053 1480 1531 1550 Ὀλυμπιοδώρου,
1578 1481 1667 1535 καὶ
1714 1491 1807 1552 τῆς

0 1524 2 1579 ἐ

116 1572 407 1633 κοινωνίας
430 1577 524 1639 τῆς
552 1572 688 1638 πρὸς
719 1578 917 1624 τοῦτον
950 1567 1099 1624 ταῦτ’
1132 1569 1236 1638 ἐγὼ
1271 1568 1563 1622 ἀπέλαυσα.
1619 1570 1805 1640 ἐπειδὴ
1825 1589 1939 1628 1175

117 1655 166 1710 δ’
198 1656 539 1727 ἐπεδήμησεν
565 1654 727 1721 οὗτος
750 1656 840 1711 καὶ
867 1659 925 1712 οί
944 1660 1101 1712 ἄλλοι
1135 1667 1478 1727 στρατιῶται,
1518 1658 1808 1727 ἠγανάκτει

109 1742 555 1814 Ὀλυμπιόδωρος
586 1744 776 1800 οὑτοσὶ
810 1742 851 1798 ὦ
886 1747 1084 1816 ἄνδρες
1117 1745 1366 1799 δικασταὶ
1400 1744 1486 1799 ἐπὶ
1519 1755 1632 1810 τοῖς
1672 1762 1808 1816 συμ-

115 1834 402 1902 βεβηκόσι,
455 1831 546 1886 καὶ
600 1832 784 1901 ἡγεῖτο
848 1834 1002 1887 δεινὰ
1064 1832 1419 1886 πεπονθέναι.
1504 1833 1691 1904 ἐπειδὴ
1747 1833 1807 1889 δὲ

116 1922 310 1990 μεστὸς
341 1918 557 1989 ἐγένετο
582 1908 924 1990 ἀγανακτῶν,
956 1921 1298 1991 ἐσκοποῦμεν
1329 1922 1496 1976 πάλιν
1527 1921 1617 1976 καὶ
1651 1923 1808 1993 ἐβου·

118 2011 393 2078 λευόμεθα
424 2017 581 2079 κοινῇ
617 2009 721 2079 ἐγὼ
762 2008 851 2063 καὶ
887 2007 1330 2080 Ὀλυμπιόδωρος
1370 2010 1577 2079 οὑτοσί,
1617 2011 1808 2064 ὅντινα

51 2100 323 2167 ιετρόπον
359 2098 573 2152 τούτων
612 2118 662 2151 τι
702 2098 870 2151 πάλιν
908 2100 1268 2168 κομιούμεθα.
1331 2098 1420 2151 καὶ
1461 2098 1633 2152 ἐδόκει
1678 2099 1808 2169 ἡμῖν

117 2183 544 2253 βουλευομένοις
603 2191 1038 2255 προσκαλεῖσθαι
1099 2188 1228 2249 τοὺς
1292 2185 1810 2255 ἐπιδεδικασμένους

117 2271 252 2325 κατὰ
281 2273 380 2326 τὸν
408 2275 605 2342 νόμον,
644 2273 734 2327 καὶ
767 2274 825 2327 ἐκ
857 2284 967 2327 τῶν
999 2274 1362 2344 ὑπαρχόντων
1395 2273 1808 2342 ἀσφαλέστατον

117 2356 280 2427 εἶναι,
317 2360 391 2429 μὴ
432 2359 492 2413 ἐν
531 2369 605 2433 τῷ
648 2361 793 2434 αὐτῷ
844 2361 982 2429 ἡμᾶς
1021 2360 1366 2431 ἀμφοτέρους
1403 2364 1500 2416 τὸν
1539 2364 1807 2416 κίνδυνον

116 2452 398 2501 ποιεῖσθαι
436 2450 572 2518 πρὸς
611 2451 739 2512 τοὺς
778 2448 1278 2519 ἀμφισβητοῦντας,
1319 2449 1457 2503 ἀλλὰ
1489 2449 1654 2520 χωρὶς
1686 2449 1807 2503 ἑκά-

115 2555 296 2605 τερον,
326 2534 417 2590 καὶ
449 2536 670 2591 τουτονὶ
695 2536 796 2606 μὲν
817 2535 1267 2607 Ὀλυμπιόδωρον
1301 2539 1434 2592 ὅλου
1466 2547 1566 2592 τοῦ
1598 2541 1806 2607 κλήρου

116 2628 330 2694 λαχευν,
385 2624 566 2693 ὥσπερ
621 2627 682 2679 τὸ
743 2629 1037 2694 πρότερον,
1099 2626 1189 2679 καὶ
1254 2626 1618 2695 ἀγωνίζεσθαι
1671 2625 1798 2679 καθ’

116 2711 305 2780 αὐτόν,
344 2709 438 2781 ἐμὲ
479 2710 540 2768 δὲ
578 2723 678 2768 τοῦ
716 2714 1071 2784 ἡμικληρίου,
1118 2713 1304 2784 ἐπειδὴ
1353 2713 1444 2768 καὶ
1487 2716 1806 2777 Κάλλιππος

117 2799 145 2852 ὁ
186 2801 424 2870 ἀδελφὸς
468 2800 498 2855 ὀ
546 2800 673 2871 ἐμὸς
717 2809 816 2855 τοῦ
862 2801 1189 2872 ἡμικληρίου
1230 2805 1404 2871 μόνον
1449 2803 1805 2873 ἠμφεσβήτει,

50 2900 95 2934 ⁸0
117 2886 297 2956 ὅπως,
356 2887 453 2942 ἐὰν
513 2884 616 2958 μὲν
664 2886 1108 2959 Ὀλυμπιόδωρος
1167 2888 1357 2943 οὑτοσὶ
1419 2889 1643 2961 ἐπιτύχῃ
1705 2898 1806 2943 τοῦ
