2035 3158
171 159 278 213 226
707 160 797 201 LV.
843 158 1177 201 ΔΗΜΟΣΘΕΝ
1184 160 1308 202 01⁸2-

171 294 334 361 ὄρους
381 289 443 345 δὲ
486 291 832 361 περιέχοντος
877 291 1058 364 κύκλῳ
1105 300 1219 354 τοῖς
1263 294 1508 361 χωρίοις,
1554 293 1614 344 τὸ
1653 310 1849 357 καταρ·

169 380 299 448 ρέον
346 380 498 447 ὕδωρ
546 386 608 445 τῇ
657 375 758 446 μὲν
796 379 875 441 εἰς
911 379 1012 447 τὴν
1053 367 1212 446 ὁδὸν,
1259 386 1321 448 τῇ
1363 376 1413 431 δ’
1460 380 1537 442 εἰς
1574 379 1639 431 τὰ
1678 382 1849 448 χωρία

171 471 459 537 συμβαίνει
505 467 789 537 φέρεσθαι.
858 465 949 519 καὶ
997 468 1064 535 δὴ
1112 465 1203 520 καὶ
1250 475 1411 521 τοῦτο
1459 467 1521 520 τὸ
1567 468 1850 521 εἰσπῖπτον

169 557 246 617 εἰς
295 556 393 624 τὴν
445 556 604 623 ὁδόν,
655 549 689 625 ᾗ
739 551 839 623 μὲν
889 553 958 607 ἂν
1009 554 1203 624 εὐοδῇ,
1253 553 1475 624 φέρεται
1525 555 1668 607 κάτω
1713 555 1849 607 κατὰ

168 644 269 711 τὴν
309 643 463 711 ὁδόν,
512 637 545 713 ᾖ
588 639 641 695 δ’
687 641 756 695 ἂν
807 641 966 711 ἐνστῇ
1016 663 1092 709 τι,
1140 651 1435 710 τηνικαῦτα
1480 638 1626 696 τοῦτ’
1671 644 1748 705 εἰς
1785 644 1849 695 τὰ

105 747 151 777 η
169 728 328 800 χωρί’
385 730 704 799 ὑπεραίρειν
763 729 1062 798 ἀναγκαῖον
1121 732 1242 799 ἤδη.
1321 729 1410 784 καὶ
1462 731 1528 799 δὴ
1579 728 1668 783 καὶ
1715 730 1849 783 κατὰ

170 826 329 872 τοῦτο
380 819 440 871 τὸ
487 821 690 888 χωρίον
739 813 780 870 ὦ
822 819 1018 886 ἄνδρες
1060 817 1307 871 δικασταὶ
1353 816 1650 886 γενομένης
1688 816 1850 886 ἐπομ-

168 909 325 975 βρίας
372 905 574 974 συνέβη
623 907 682 957 τὸ
730 906 882 973 ὕδωρ
941 904 1217 974 ἐμβαλεῖν·
1267 903 1542 974 ἀμεληθὲν
1591 903 1643 958 δ’
1697 905 1848 958 οὔπω

168 1002 267 1046 τοῦ
312 994 513 1062 πατρὸς
560 995 780 1062 ἔχοντος
827 993 987 1061 αὐτό,
1042 991 1163 1046 ἀλλ’
1216 993 1518 1062 ἀνθρώπου
1567 994 1850 1063 δυσχεραί-

169 1100 362 1143 νοντος
417 1081 555 1143 ὅλως
616 1090 729 1143 τοῖς
782 1083 970 1143 τόποις
1031 1080 1121 1134 καὶ
1185 1086 1394 1151 μᾶλλον
1455 1080 1706 1148 ἀστικοῦ,
1766 1079 1851 1143 δὶς

167 1166 257 1221 καὶ
310 1168 425 1238 τρὶς
479 1169 717 1238 ἐμβαλὸν
775 1170 835 1222 τὸ
895 1169 1046 1238 ὕδωρ
1103 1169 1168 1222 τά
1221 1189 1276 1222 τε
1328 1165 1486 1238 χωρί’
1543 1167 1848 1237 ἐλυμήνατο

167 1255 256 1309 καὶ
303 1261 513 1325 μᾶλλον
561 1257 833 1310 ὡδοποίει.
912 1258 998 1310 διὸ
1051 1259 1118 1326 δὴ
1169 1255 1331 1311 ταῦθ’
1388 1257 1416 1311 ὁ
1462 1257 1636 1325 πατὴρ
1683 1256 1849 1325 ὁρῶν,

167 1345 241 1407 ὡς
280 1344 383 1412 ἐγὼ
423 1355 533 1399 τῶν
580 1347 808 1399 εἰδότων
860 1344 1074 1414 ἀκούω,
1124 1344 1215 1399 καὶ
1266 1355 1375 1399 τῶν
1425 1347 1686 1414 γειτόνων
1737 1343 1849 1397 ε’πι-

165 1435 445 1502 νεμόντων
495 1435 605 1503 ἅμα
656 1431 744 1485 καὶ
795 1434 1132 1501 βαδιζόντων
1185 1436 1276 1487 διὰ
1327 1441 1426 1487 τοῦ
1477 1436 1710 1503 χωρίου,
1747 1434 1849 1502 τὴν

103 1522 427 1589 Βαίμασιὰν
473 1523 916 1595 περιῳκοδόμησε
972 1523 1189 1591 ταύτην.
1267 1520 1357 1576 καὶ
1404 1522 1477 1584 ὡς
1521 1518 1673 1574 ταῦτ’
1718 1519 1848 1589 ἀλη-

165 1614 241 1677 θῆ
297 1607 464 1678 λέγω,
522 1609 821 1678 παρέξομαι
883 1606 983 1678 μὲν
1046 1609 1135 1663 καὶ
1197 1611 1472 1680 μάρτυρας
1528 1608 1661 1677 ὑμῖν
1720 1610 1848 1670 τοὺς
1871 1620 1976 1660 1275

166 1699 404 1766 εἰδότας,
449 1700 591 1751 πολὺ
642 1695 695 1750 δ’
743 1693 784 1750 ὦ
837 1698 1034 1766 ἄνδρες
1079 1696 1360 1766 Ἀθηναῖοι
1410 1706 1519 1750 τῶν
1557 1696 1848 1766 μαρτύρων

168 1788 491 1856 ἰσχυρότερα
537 1791 811 1855 τεκμήρια.
890 1789 1201 1855 Καλλικλῆς
1253 1784 1354 1855 μὲν
1412 1787 1514 1855 γάρ
1567 1799 1702 1854 φησι
1747 1785 1848 1853 τὴν

169 1875 448 1944 χαράδραν
503 1873 1020 1942 ἀποικοδομήσαντα
1077 1875 1336 1943 βλάπτειν
1383 1871 1440 1942 μ’
1495 1872 1686 1926 αὐτόν·
1742 1871 1848 1939 ἐγὼ

170 1958 222 2014 δ’
282 1960 550 2025 ἀποδείξω
616 1956 818 2031 χωρίον
883 1962 947 2015 ὃν
1009 1960 1183 2029 τοῦτ’,
1244 1959 1365 2014 ἀλλ’
1426 1962 1492 2015 οὐ
1552 1960 1849 2030 χαράδραν.

105 2065 144 2096 1³
169 2051 220 2103 εἰ
277 2046 378 2119 μὲν
441 2044 543 2103 οὖν
606 2052 678 2119 μὴ
743 2048 1106 2120 συνεχωρεῖθ’
1169 2049 1433 2119 ἡμέτερον
1490 2050 1634 2102 ἴδιον
1688 2044 1849 2116 εἶναι,

168 2134 285 2207 τάχ’
331 2136 400 2190 ἂν
446 2134 596 2191 τοῦτ’
643 2137 972 2206 ἠδικοῦμεν,
1023 2142 1080 2190 εἴ
1121 2157 1173 2190 τι
1224 2147 1334 2189 τῶν
1386 2137 1666 2205 δημοσίων
1713 2133 1849 2208 ᾠκο-

169 2227 471 2295 δομοῦμεν·
531 2233 638 2279 νῦν
697 2223 749 2278 δ’
810 2226 934 2279 οὔτε
994 2221 1142 2278 τοῦτ’
1209 2224 1679 2294 ἀμφισβητοῦσιν,
1736 2225 1851 2276 ἔστι

167 2309 217 2367 τ’
247 2313 336 2367 ,ἑν
389 2320 462 2386 τῷ
518 2316 699 2385 χωρίῳ
755 2312 959 2382 δένδρα
1015 2312 1421 2382 πεφυτευμένα,
1476 2312 1708 2381 ἄμπελοι
1760 2310 1850 2364 καὶ

170 2411 345 2455 συκαῖ.
427 2405 603 2456 καίτοι
669 2404 748 2465 τίς
805 2400 874 2454 ἂν
939 2400 1000 2454 ἐν
1060 2401 1307 2472 χαράδρᾳ
1368 2408 1536 2454 ταῦτα
1589 2399 1850 2469 φυτεύειν

171 2488 479 2554 ἀξιώσειεν;
520 2489 702 2551 οὐδείς
739 2508 816 2556 γε.
892 2492 973 2550 τίς
1020 2486 1079 2541 δὲ
1127 2489 1291 2541 πάλιν
1339 2490 1467 2549 τοὺς
1511 2486 1681 2540 αὑτοῦ
1718 2504 1850 2556 προ-

108 2593 148 2624 14
171 2578 370 2644 γόνους
405 2577 669 2641 θάπτειν,
709 2573 839 2630 οὐδὲ
878 2574 1030 2630 τοῦτ’
1071 2572 1237 2644 οἶμαι.
1314 2583 1481 2629 ταῦτα
1520 2577 1711 2628 τοίνυν
1750 2573 1850 2643 ἀμ-

170 2661 358 2734 φότερ’
416 2660 458 2717 ὦ
510 2665 706 2735 ἄνδρες
765 2663 1013 2717 δικασταὶ
1074 2662 1438 2732 συμβέβηκεν·
1491 2660 1580 2715 καὶ
1629 2662 1733 2732 γὰρ
1783 2663 1850 2715 τὰ

171 2749 373 2819 δένδρα
429 2753 760 2821 πεφύτευται
817 2754 1084 2822 πρότερον
1141 2750 1173 2819 ἢ
1233 2753 1330 2805 τὸν
1387 2748 1588 2819 πατέρα
1644 2767 1848 2819 περιοι·

171 2839 472 2907 κοδομῆσαι
536 2840 636 2907 τὴν
703 2839 1000 2907 αἱμασιάν,
1064 2836 1154 2891 καὶ
1212 2839 1276 2890 τὰ
1337 2842 1588 2906 μνήματα
1644 2838 1849 2891 παλαιὰ

170 2924 258 2978 καὶ
335 2923 466 2994 πρὶν
534 2925 673 2994 ἡμᾶς
741 2928 1047 2994 κτήσασθαι
1115 2927 1175 2979 τὸ
1246 2929 1449 2995 χωρίον
1514 2919 1828 2995 γεγενημέν’
