2035 3158
21 667 61 697 22

21 1633 62 1662 2‘3

22 2337 62 2367 24

87 181 193 234 100
569 183 724 223 XLVI.
768 152 1274 238 [ΔΗΜΟΣΘΕΝΟΤΣ]

156 317 391 384 πρότερον
442 314 795 381 διεφθαρκέναι
845 314 935 379 τὴν
986 313 1169 379 μητέρα
1208 314 1299 379 τὴν
1343 312 1490 379 ἐμήν,
1541 313 1656 379 πρὶν
1703 309 1762 362 οὗ

157 396 422 460 ἀποφαίνει
457 397 691 462 Φορμίων
720 404 872 462 γῆμαι
903 393 1261 461 ἐγγυησάμενος
1299 393 1454 458 αὐτὴν
1491 394 1620 456 παρὰ
1655 395 1761 441 Πα-

158 479 349 537 σίωνος.
409 485 557 527 ταῦτα
589 475 639 526 δὲ
671 474 1071 541 προκαλουμένου
1106 470 1602 539 ἈπολλοδώρουὊύκ
1641 470 1762 536 ἠθέ-

159 562 271 621 λησε
315 557 549 621 Φορμίων
586 557 894 621 παραδοῦναι
931 555 1016 616 τὰς
1053 555 1373 620 θεραπαίνας.

204 659 314 710 Τὸν
364 660 554 709 τοίνυν
601 658 775 723 νόμον
823 654 910 708 ἐπὶ
955 656 1169 716 τούτοις
1215 653 1527 722 ἀνάγνωθι,
1581 653 1641 715 ὃς
1680 672 1763 705 κε-

84 745 229 797 λεύει
279 744 619 796 ἐπιδικασίαν
667 740 807 796 εἶναι
855 753 964 795 τῶν
1013 742 1319 810 ἐπικλήρων
1371 741 1623 808 ἁπασῶν,
1672 738 1762 793 καὶ

85 830 256 894 ξένων
296 832 384 884 καὶ
425 830 635 896 ἀστῶν,
675 829 763 883 καὶ
802 829 925 898 περὶ
965 828 1065 898 μὲν
1105 839 1213 882 τῶν
1252 833 1493 882 πολιτῶν
1533 830 1629 881 τὸν
1669 829 1764 894 ἅρ-

83 939 249 989 χοντα
295 920 535 987 εἰσάγειν
580 918 669 971 καὶ
719 918 1122 987 ἐπιμελεῖσθαι,
1168 916 1291 986 περὶ
1343 914 1401 969 δὲ
1440 927 1548 969 τῶν
1588 919 1764 984 μετοί-

84 1027 197 1060 κων
235 1010 332 1060 τὸν
370 1005 743 1075 πολέμαρχον,
783 1004 873 1058 καὶ
913 1004 1231 1058 ἀνεπίδικον
1271 1005 1343 1072 μὴ
1384 1003 1581 1067 ἐξεῖναι
1620 1006 1763 1072 ἔχειν

84 1097 214 1164 μήτε
254 1099 459 1163 κλῆρον
499 1097 629 1162 μήτε
672 1093 980 1161 ἐπίκληρον.

810 1262 1035 1304 ΝΟΜΟΣ

271 1365 500 1426 Κληροῦν
534 1358 583 1408 δὲ
619 1360 702 1410 τὸν
731 1358 938 1425 ἄρχοντα
978 1360 1171 1425 κλήρων
1209 1362 1290 1409 καὶ
1329 1359 1619 1424 ἐπικλήρων,
1660 1359 1764 1409 ’ὅσοι

158 1442 250 1492 εἰσὶ
290 1451 454 1508 μῆνες,
493 1441 621 1504 πλὴν
653 1449 738 1491 τοῦ
778 1448 1181 1506 σκιροφοριῶνος.
1237 1439 1521 1489 ἀνεπίδικον
1562 1438 1611 1488 δὲ
1652 1445 1766 1504 κλῆ-

159 1541 247 1589 ρον
287 1522 352 1587 μὴ
392 1521 528 1587 ἔχειν.

200 1622 422 1675 Οὐκοῦν
473 1621 673 1688 αὐτὸν,
724 1626 873 1691 εἴπερ
914 1622 1179 1689 ἠβούλετο
1220 1620 1402 1689 ὀρθῶς
1449 1620 1765 1689 διαπράττε-

88 1715 240 1777 σθαι,
273 1715 462 1779 λαχεῖν
494 1710 604 1761 ἔδει
638 1716 730 1777 τῆς
763 1708 1076 1777 ἐπικλήρου,
1114 1714 1219 1761 εἴτε
1252 1709 1384 1761 κατὰ
1428 1709 1585 1760 δόσιν
1618 1709 1763 1780 αὐτῷ

86 1806 361 1868 προσῆκεν
393 1803 499 1850 εἴτε
535 1798 667 1849 κατὰ
699 1795 876 1864 γένος,
917 1798 966 1849 εί
1003 1793 1103 1864 μὲν
1135 1796 1207 1858 ὡς
1237 1794 1373 1864 ὑπὲρ
1414 1795 1594 1864 ἀστῆς,
1633 1799 1768 1863 πρὸς

86 1888 184 1939 τὸν
222 1887 477 1955 ἄρχοντα,
517 1886 568 1937 εἰ
605 1881 657 1937 δ’
699 1885 770 1946 ὡς
801 1882 936 1952 ὑπὲρ
978 1882 1150 1952 ξένης,
1189 1886 1324 1952 πρὸς
1362 1885 1458 1937 τὸν
1497 1883 1763 1952 πολέμαρ-

87 1993 213 2043 χον,
251 1972 341 2025 καὶ
381 1976 526 2040 τότε,
574 1978 725 2041 εἰπερ
765 1992 815 2024 τι
857 1971 1035 2040 λέγειν
1076 1969 1185 2042 εἶχε
1226 1973 1467 2037 δίκαιον,
1506 1975 1764 2024 πείσαντα

87 2061 243 2129 ὑμῶν
281 2063 408 2122 τοὺς
447 2063 712 2130 λαχόντας
758 2061 889 2128 μετὰ
937 2070 1045 2112 τῶν
1092 2062 1278 2127 νόμων
1318 2057 1406 2111 καὶ
1445 2067 1538 2126 τῆς
1576 2062 1765 2128 ψήφου

88 2150 282 2217 κύριον
322 2145 481 2216 εἶναι,
521 2147 610 2200 καὶ
644 2149 715 2217 μὴ
751 2148 919 2201 αὐτὸν
959 2147 1103 2219 αὑτῷ
1143 2150 1350 2215 νόμους
1391 2148 1566 2209 ἰδίους
1604 2148 1766 2214 θέμε·

87 2256 189 2290 νον
231 2237 635 2304 διαπράξασθαι
677 2236 709 2289 ἃ
751 2236 1022 2305 ἐβούλετο.

200 2323 495 2388 Σκέψασθε
538 2326 605 2392 δὴ
645 2323 735 2376 καὶ
768 2323 923 2377 τονδὶ
963 2327 1058 2377 τὸν
1091 2327 1285 2392 νόμον,
1324 2323 1383 2385 ὃς
1421 2325 1628 2376 κελεύει
1667 2325 1765 2392 τὴν

89 2414 391 2480 διαθήκην,
430 2411 500 2480 ἣν
534 2411 601 2463 ἂν
634 2413 849 2464 παίδων
883 2413 1057 2464 ὄντων
1098 2415 1341 2479 γνησίων
1374 2411 1402 2464 ὁ
1435 2412 1609 2479 πατὴρ
1651 2413 1765 2463 δια-

86 2506 272 2568 θῆται,
312 2499 408 2552 ἐὰν
441 2499 800 2552 ἀποθάνωσιν
833 2501 891 2552 οἰ
917 2500 1106 2561 παῖδες
1144 2498 1276 2569 πρὶν
1313 2498 1532 2566 ἡβῆσαι,
1571 2502 1766 2566 κυρίαν

87 2585 244 2641 εἶναι.

809 2677 1036 2717 ὶῃῧὶΗῧΣὶ

258 2779 320 2832 ’Ὅ
349 2801 394 2831 τι
424 2780 487 2831 ἂν
517 2783 734 2848 γνησίων
766 2780 921 2831 ὄντων
953 2780 1099 2830 υἱέων
1140 2779 1165 2831 ὁ
1195 2780 1354 2846 πατὴρ
1396 2780 1643 2846 διαθῆται,
1684 2779 1767 2829 ἐὰν

161 2861 485 2912 ἀποθάνωσιν
525 2863 576 2911 οἵ
609 2862 730 2921 υἱεῖς
769 2861 886 2927 πρὶν
925 2860 1004 2911 ἐπὶ
1044 2862 1191 2921 δίετες
1229 2859 1384 2926 ἡβᾶν,
1424 2860 1513 2924 τὴν
1552 2869 1637 2911 τοῦ
1676 2881 1767 2911 πα-

160 2942 272 3006 τρὸς
311 2942 561 3007 διαθήκην
599 2943 773 3005 κυρίαν
813 2936 952 2991 εἶναι.

1784 1271 1894 1310 1136
