2035 3158
686 136 840 177 KATA
874 135 1197 178 ΣΤΕΦΑΝΟΤ
1233 138 1281 177 A.
1755 131 1820 183 81

146 270 212 322 τὰ
262 264 314 322 δ’
370 264 488 322 ἄλλ’
545 267 758 322 ἐκεῖνον
807 271 1232 337 προκαλεῖσθαι,
1281 269 1332 320 εἰ
1376 264 1425 320 δ’
1479 264 1628 319 ἐστὶν
1673 263 1707 334 ἢ
1752 266 1827 334 μὴ

79 365 340 426 Μταῦτα,
387 352 554 411 οὐδὲν
600 357 898 424 προσήκειν
944 354 1090 427 αὐτῷ
1139 363 1379 408 σκοπεῖν.
1448 356 1583 422 πρὸς
1622 354 1689 422 δὴ
1730 353 1827 405 τὸν

147 447 316 513 λόγον
361 452 558 498 τοῦτον
604 440 693 496 καὶ
738 444 840 512 τὴν
896 441 1181 496 ἀναίδειαν
1235 442 1452 511 βέλτιόν
1501 442 1613 494 ἐστι
1661 440 1827 509 μικρὰ

142 540 428 601 προειπεῖν
465 531 617 600 ὑμῖν,
649 532 740 584 ἵνα
771 532 845 602 μὴ
879 527 1072 599 λάθητ’
1112 528 1550 599 ἐξαπατηθέντες.
1610 538 1828 597 πρῶτον
1851 545 1958 582 1115

145 615 277 687 μὲν,
330 618 464 672 ὅταν
515 618 729 688 ἐγχειρῇ
782 617 961 687 λέγειν
1010 616 1195 686 τοῦθ’,
1247 619 1319 680 ὡς
1368 615 1454 686 ἄρ’
1501 617 1568 671 οὐ
1606 616 1829 669 πάντων

145 705 463 769 ὑπεύθυνός
510 705 686 774 ἐστιν,
734 703 1060 775 ἐνθυμεῖσθ’
1106 706 1190 760 ὅτι
1238 706 1329 759 διὰ
1376 703 1536 759 ταῦθ’
1584 704 1612 758 ὁ
1661 706 1830 772 νόμος

144 803 441 864 μαρτυρεῖν
491 794 553 848 ἐν
603 798 949 866 γραμματείῳ
1003 795 1240 862 κελεύει,
1292 796 1381 847 ἴνα
1431 791 1553 863 μήτ’
1602 792 1828 862 ἀφελεῖν

144 879 235 952 ε’ξῇ
285 883 416 951 ’μήτε
467 889 797 952 προσθεῖναι
847 893 960 945 τοῖς
1012 881 1405 951 γεγραμμένοις
1454 879 1642 951 μηδέν.
1712 876 1821 933 τότ’

126 965 248 1022 ὀὖν
286 970 456 1024 αὐτὸν
495 972 607 1024 ἔδει
646 968 795 1024 ταῦτ’
842 969 1164 1039 ἀπαλείφειν
1212 972 1480 1038 κελεύειν,
1529 970 1561 1023 ἃ
1611 976 1716 1022 νῦν
1763 966 1830 1020 οὐ

145 1061 307 1127 φήσει
345 1057 842 1134 μεμαρτυρηκέναι,
888 1058 956 1111 οὐ
1001 1067 1108 1112 νῦν
1150 1058 1388 1111 ἐνόντων
1428 1058 1829 1128 ἀναισχυντεῖν.

79 1158 124 1191 45
147 1137 328 1199 ἔπειτα
355 1133 453 1199 ’καὶ
478 1135 619 1200 ’τόδε
659 1156 926 1213 σκοπεῖτε,
965 1148 1016 1198 εἰ
1046 1143 1247 1199 ἐάσαιτ’
1264 1145 1356 1198 ’ἂν
1390 1146 1643 1199 ε’ναντιόν
1674 1144 1830 1213 ὑμῶν

146 1230 239 1302 ἐμὲ
269 1235 618 1303 προσγράψαι
649 1254 700 1288 τι
733 1237 971 1303 λαβόντα
1002 1236 1063 1288 τὸ
1096 1243 1477 1303 γραμματεῖον.
1534 1234 1601 1288 οὐ
1635 1235 1828 1302 δήπου.

144 1322 352 1375 οὔκουν
399 1319 533 1376 οὐδὲ
580 1330 777 1376 τοῦτον
825 1321 1081 1392 ἀφαιρεῖν
1135 1332 1245 1375 τῶν
1295 1320 1686 1392 γεγραμμένων
1735 1322 1831 1375 ἐᾶν

143 1411 422 1479 προσήκει.
484 1412 564 1472 τίς
602 1410 705 1480 γὰρ
746 1408 1016 1463 ἁλώσεταί
1056 1430 1186 1464 ποτε
1225 1412 1743 1479 ψευδομαρτυριῶν,
1782 1411 1835 1463 εἰ

142 1500 478 1568 μαρτυρήσει
530 1495 588 1551 θ’
644 1497 677 1551 ἃ
731 1499 1014 1567 βούλεται,
1076 1498 1165 1552 καὶ
1221 1502 1389 1568 λόγον
1445 1494 1522 1551 ὧν
1576 1499 1829 1567 βούλεται

142 1586 337 1648 δώσει;
377 1583 497 1639 ἀλλ’
536 1586 636 1656 οὐχ
669 1586 812 1640 οὕτω
844 1584 993 1640 ταῦτ’
1033 1585 1160 1640 οὔθ’
1200 1587 1230 1641 ὁ
1262 1590 1430 1655 νόμος
1462 1589 1665 1640 διεῖλεν
1695 1581 1826 1638 οὔθ’

99 1700 102 1702 ·
143 1673 278 1743 ὑμῖν
309 1672 532 1728 ἀκούειν
562 1676 848 1743 προσήκει·
881 1673 999 1728 ἀλλ’
1033 1672 1194 1728 ἐκεῖν’
1233 1674 1445 1728 ἁπλοῦν
1477 1672 1566 1727 καὶ
1599 1676 1829 1728 δίκαιον.

144 1763 206 1815 τί
223 1759 543 1831 γέγραπταις
569 1765 626 1815 τί
643 1764 1079 1832 μεμαρτύρηκας;
1110 1760 1270 1816 ταῦθ’
1296 1763 1368 1825 ὡς
1393 1762 1574 1831 ἀληθῆ
1601 1764 1829 1816 δείκνυε.

145 1846 237 1903 καὶ
266 1850 371 1919 γὰρ
404 1849 797 1919 ἀντιγέγραψαι
829 1848 981 1904 ταῦτ’
1022 1850 1229 1920 εἀληθῆ
1263 1852 1665 1920 μεμαρτύρηκα,
1696 1871 1829 1920 μαρ-

144 1939 386 2008 τυρήσας
430 1938 530 1991 τάν
578 1945 651 2011 τῷ
700 1943 1046 2012 γραμματείῳ
1095 1938 1480 2008 γεγραμμένα,’
1528 1940 1594 1993 οὐ
1641 1941 1701 1993 τὸ
1741 1938 1831 1992 καὶ

79 2026 209 2080 ὲθτὸ
253 2035 365 2079 τῶν
413 2025 473 2079 ἐν
520 2034 594 2098 τῷ
643 2031 1004 2100 γραμματείῳ.
1075 2027 1158 2080 ὅτι
1210 2025 1259 2080 δ’
1315 2028 1458 2081 οὕτω
1507 2025 1655 2082 ταῦτ’
1702 2030 1829 2098 ἔχει,

145 2110 278 2182 λαβὲ
316 2114 416 2183 τὴν
456 2113 798 2183 ἀντιγραφὴν
838 2115 1008 2184 αὐτήν
1048 2136 1156 2184 μοι.
1220 2116 1355 2184 λέγε.

809 2248 950 2288 ANTI
956 2248 1167 2289 I'PAspH.

254 2322 617 2389 Ἀπολλόδωρος
650 2325 912 2383 Πασίωνος
947 2321 1208 2388 Ἀχαρνεὺς
1240 2326 1484 2392 Στεφάνῳ
1516 2323 1831 2384 Μενεκλέους

141 2398 369 2468 Ἀχαρνεῖ
398 2405 855 2469 ψευδομαρτυριῶν,
895 2405 1076 2467 τίμημα
1115 2405 1362 2455 τάλαντον.
1438 2469 1441 2473 .

223 2483 295 2534 Τὰ
325 2486 492 2550 ψευδῆ
521 2504 617 2549 μου
648 2486 941 2549 κατεμαρτύ-
1115 2485 1319 2552 Τάληθῆ
1361 2486 1667 2550 ἐμαρτύρησα
1709 2506 1827 2550 μαρ·

143 2578 263 2628 ρησε
317 2563 573 2630 Στέφανος
635 2567 944 2632 μαρτυρήσας
1035 2567 1245 2631 τνρήσας
1271 2567 1326 2616 τὰ
1352 2566 1404 2616 ἐν
1438 2570 1503 2636 τῷ
1528 2568 1830 2635 γραμματείῳ

145 2643 205 2693 τὰ
229 2643 282 2694 ἕν
305 2649 370 2715 τῷ
400 2648 707 2713 γραμματείῳ
738 2665 944 2713 γεγραμ-
1033 2645 1354 2713 γεγραμμένα.

145 2743 285 2788 μενα.

266 2808 439 2865 Ταῦθ’
498 2807 656 2874 οὗτος
706 2812 868 2874 αὐτὸς
925 2809 1323 2881 ἀντεγράψαθᾈ
1385 2813 1417 2866 ἃ
1469 2815 1570 2883 χρὴ
1623 2831 1960 2882 gammo-1116

147 2898 332 2951 νεύειν
363 2897 519 2968 ὑμᾶς,
557 2898 647 2953 καὶ
679 2901 751 2968 μὴ
785 2902 913 2962 τοὺς
945 2898 1024 2953 ἐπ’
1068 2900 1299 2971 ἐξαπάτῃ
1331 2910 1435 2954 νῦν
1469 2904 1666 2969 λόγους
1698 2900 1829 2966 [ὑπὸ

244 2992 450 3025 Dnnoswn.
495 2993 579 3024 vol.
605 2993 674 3024 III⁴
1534 2993 1559 3029 6
