2035 3158
634 143 798 184 ΠΡΟΣ
827 143 1264 184 ΝΙΚΟΣΤΡΑΤΟΝ.
1685 141 1790 192 201

112 274 162 330 δ’
202 272 670 383 wok-effa&
689 295 783 344 μοι
814 275 1013 329 τούτου
1052 274 1206 343 ὕδωρ
1240 274 1432 328 ἰκανὸν
1464 272 1534 327 ἂν
1564 272 1797 342 γένοιτο.

112 364 176 417 τὰ
226 360 359 433 μὲν
355 359 481 417 οὖν
530 361 757 433 μέγιστα
806 361 896 416 καὶ
950 370 1223 432 περιφανῆ
1271 372 1383 415 τῶν
1429 361 1799 430 ἀδικημάτων,

112 449 204 504 καὶ
237 450 446 506 ὁπόθεν
485 450 517 520 ἡ
557 450 850 521 ἀπογραφὴ
883 450 1017 519 αὕτη
1052 449 1298 519 γέγονεν,
1338 449 1442 517 ἐρῶ
1473 449 1610 518 πρὸς
1639 448 1800 516 ὑμᾶς,

111 540 176 592 τὰ
215 535 277 593 δε
314 539 488 593 πολλὰ
529 538 686 592 ἐάσω.

68 644 86 674 4
226 630 603 698 Νικόστρατος
650 627 755 695 γὰρ
807 624 996 680 οὑτοσὶ
1036 622 1078 679 ὦ
1118 627 1316 696 ἄνδρες
1363 627 1640 693 δικασταί,
1688 627 1799 693 γεί-

116 735 224 768 των
281 735 374 784 μοι
426 714 504 769 ὢν
556 714 616 768 ἐν
656 713 805 786 ἀγρῷ
859 713 948 767 καὶ
998 713 1316 782 ἡλικιώτης,
1366 716 1653 782 γνωρίμως
1696 711 1801 781 μέν

112 823 219 871 μοι.
257 799 366 872 εἷχε
418 800 509 855 καὶ
560 803 758 871 πάλαι,
810 801 994 870 ἐπειδὴ
1050 799 1097 854 δ’
1145 801 1492 870 ἐτελεύτησεν
1544 800 1572 853 6
1623 802 1801 868 πατὴρ

113 889 202 943 καὶ
242 889 347 959 ἐγὼ
388 889 448 943 ἐν
487 889 635 963 ἀγρῷ
679 888 988 962 κατῴκουν,
1030 885 1198 958 οὗπερ
1239 887 1329 942 καὶ
1366 896 1472 942 νῦν
1511 890 1669 956 οἰκῶ,
1707 885 1798 939 καὶ

113 982 325 1047 μᾶλλον
372 978 628 1046 ἀλλήλοις
674 980 779 1047 ἤδη
831 977 1149 1048 ἐχρώμεθα,
1200 977 1292 1030 διὰ
1341 978 1403 1031 τὸ
1454 974 1693 1045 γείτονές
1741 993 1796 1027 τε

113 1062 255 1119 εἶναι
287 1063 377 1119 καὶ
407 1065 703 1134 ἡλικιῶται.
775 1069 979 1137 χρόνου
1013 1062 1073 1118 δὲ
1104 1067 1501 1135 προβαίνοντος
1532 1062 1622 1117 καὶ
1651 1063 1801 1116 πάνυ

115 1156 332 1217 οἰκείως
371 1154 714 1223 διεκείμεθα,
760 1153 850 1207 καὶ
890 1153 995 1222 ἐγώ
1042 1152 1099 1206 θ’
1149 1153 1321 1215 οὕτως
1359 1155 1570 1215 οἰκείως
1607 1153 1801 1205 διεκεί-

112 1262 221 1312 μην
270 1243 406 1312 πρὸς
455 1251 682 1311 τοῦτον,
741 1240 868 1296 ὥστ’
923 1242 1150 1304 οὐδενὸς
1200 1243 1414 1294 πώποτε
1468 1236 1544 1293 ὧν
1596 1240 1800 1309 ἐδεήθη

113 1326 274 1394 οὗτος
312 1329 447 1399 ἐμοῦ
486 1329 778 1401 ἀπέτυχεν,
826 1327 986 1393 οὗτός
1032 1327 1077 1383 τ’
1124 1325 1194 1382 αὖ
1235 1326 1353 1398 ἐμοὶ
1394 1328 1495 1381 οὐκ
1533 1329 1802 1399 ἄχρηστος

112 1413 183 1486 ἦν
220 1420 357 1487 πρὸς
394 1420 455 1472 τὸ
489 1418 888 1488 ἐπιμεληθῆναι
921 1416 1011 1471 καὶ
1045 1419 1337 1485 διοικῆσαι,
1375 1415 1467 1469 καὶ
1499 1416 1659 1470 ὁπότε
1692 1415 1798 1485 ἐγὼ

113 1505 462 1576 ἀποδημοίην
510 1506 542 1576 ἢ
591 1508 828 1577 δημοσίᾳ
874 1515 1216 1575 τριηραρχῶν
1263 1505 1295 1573 ἢ
1344 1506 1458 1576 ἰδία
1503 1502 1616 1557 κατ’
1663 1506 1799 1558 ἄλλο

113 1615 184 1662 τι,
222 1595 417 1664 κύριον
455 1604 567 1647 τῶν
608 1595 667 1648 ἐν
718 1593 868 1666 ἀγρῷ
919 1603 1116 1647 τοῦτον
1165 1592 1420 1646 ἁπάντων
1466 1592 1798 1647 κατέλειπον.

67 1698 88 1730 5
114 1685 404 1751 συμβαίνει
436 1683 504 1751 δή
537 1702 630 1751 μοι
662 1686 983 1753 τριηραρχία
1015 1680 1138 1752 περὶ
1173 1684 1626 1751 Πελοπόννησον,
1666 1679 1800 1735 έκεῖ-

112 1774 218 1823 θεν
258 1767 306 1823 δ’
352 1772 430 1833 εἰς
469 1774 729 1845 Σικελίαν
776 1772 886 1823 ἔδει
933 1772 1061 1832 τοὺς
1107 1768 1359 1839 πρέσβεις
1404 1771 1587 1838 ἄγειν,
1634 1769 1731 1833 οὓς
1769 1770 1798 1823 6

115 1859 285 1926 δῆμος
324 1857 750 1928 ἐχειροτόνησεν.
812 1858 845 1926 ἡ
879 1854 983 1912 οὖν
1016 1857 1272 1927 ἀναγωγὴ
1315 1859 1405 1911 διὰ
1444 1857 1653 1928 ταχέων
1693 1857 1801 1927 ἐγί-

115 1948 274 2014 γνετό
313 1966 421 2015 μοι.
484 1945 779 1999 ἐπιστέλλω
813 1947 881 2015 δὴ
924 1946 1068 2017 αὐτῷ
1113 1947 1195 1999 ὅτι
1228 1946 1392 2008 αὐτὸς
1422 1942 1521 2014 μὲν
1561 1945 1797 2016 ἀνῆγμαι

113 2033 203 2088 καὶ
243 2033 342 2105 οὐχ
383 2028 499 2098 οἶός
537 2033 580 2088 τ’
628 2040 749 2104 εἴην
790 2036 976 2088 οἴκαδε
1025 2034 1351 2104 ἀφικέσθαι,
1398 2036 1488 2088 ἵνα
1528 2036 1601 2103 μὴ
1639 2054 1800 2087 κατα·
1820 2049 1934 2088 1248

115 2123 384 2191 κωλύοιμι
416 2124 545 2185 τοὺς
574 2121 847 2191 πρέσβεις·
888 2123 1062 2193 τούτῳ
1096 2119 1155 2174 δὲ
1195 2122 1497 2191 προσέταξα
1536 2122 1800 2191 ἐπιμελεῖ-

118 2213 257 2263 σθαί
304 2229 360 2263 τε
414 2219 524 2263 τῶν
579 2215 720 2264 οἴκοι
774 2207 865 2262 καὶ
920 2210 1179 2278 διοικεῖν,
1233 2211 1413 2279 ὥσπερ
1468 2204 1577 2263 καῖ
1613 2209 1798 2280 ἐντῷ

74 2314 95 2346 6
120 2300 436 2367 ἔμπροσθεν
474 2300 671 2370 χρόνῳ.
743 2297 803 2354 ἐν
844 2294 904 2350 δὲ
942 2305 1006 2367 τῇ
1047 2296 1146 2367 ἐμῇ
1187 2296 1465 2369 ἀποδημίᾳ
1503 2296 1802 2369 ἀποδιδρά-

117 2388 346 2438 σκουσιν
387 2380 571 2439 αὐτὸν
597 2383 800 2439 οἰκέται
831 2394 976 2454 τρεῖς
1009 2384 1061 2448 ἐξ
1095 2384 1269 2453 ἀγροῦ
1308 2386 1452 2455 παρὰ
1491 2387 1710 2454 τούτου,
1750 2388 1810 2440 οἱ

84 2477 86 2479 ’
116 2469 218 2541 μὲν
250 2473 353 2526 δύο
387 2468 465 2526 ὧν
498 2471 604 2541 ἐγὼ
636 2474 813 2525 ἔδωκα
853 2471 1026 2544 αὐτῷ,
1067 2472 1095 2526 6
1136 2469 1198 2526 δὲ
1237 2466 1313 2536 εἷς
1346 2468 1424 2526 ὧν
1456 2473 1618 2536 αὐτὸς
1651 2473 1803 2542 ἐκτή-

93 2573 265 2615 σατο.
321 2561 538 2615 διώκων
570 2556 673 2614 οὗν
708 2559 982 2613 ἁλίσκεται
1016 2560 1122 2614 ὑπὸ
1154 2563 1410 2631 τριήρους
1440 2560 1529 2614 καὶ
1554 2564 1803 2631 κατήχθη

117 2650 195 2710 εἰς
231 2653 496 2718 Αἴγιναν,
544 2647 633 2701 καὶ
675 2648 787 2701 ε’κεῑ
822 2647 1052 2718 ἐπράθη.
1124 2648 1309 2717 ἐπειδὴ
1358 2646 1419 2702 δὲ
1464 2647 1801 2702 κατέπλευσα

118 2735 224 2804 ἐγὼ
273 2745 642 2807 τριηραρχῶν,
688 2735 1048 2806 προσέρχεταί
1089 2756 1181 2806 μοι
1221 2740 1442 2790 Δείνων
1489 2736 1518 2791 6
1565 2736 1806 2807 ἀδελφὸς

119 2824 147 2877 6
186 2825 412 2893 τούτου,
459 2824 635 2893 λέγων
681 2827 780 2893 τήν
831 2843 886 2876 τε
925 2825 1124 2878 τούτου
1165 2825 1484 2894 συμφοράν,
1535 2824 1698 2888 αὐτός
1743 2844 1800 2877 τε

117 2910 202 2964 ὅτι
256 2908 328 2965 δι’
390 2904 626 2980 ἀπορίαν
687 2911 927 2981 ἐφοδίων
989 2911 1055 2966 οὐ
1116 2910 1520 2982 πεπορευμένος
1572 2917 1657 2981 εἴη
1712 2910 1804 2965 ἐπὶ
