2035 3158
663 142 824 183 ΠΡΟΣ
857 141 1186 202 ΣΠοΤΔιΑΝ.
1260 178 1268 187 ⁷.
1700 167 1704 199 1
1735 137 1768 190 9

21 269 24 271 ⁵
87 277 310 345 προικὸς
355 275 630 344 ἀγανακτῇ
678 272 767 327 καὶ
814 274 1002 343 φάσκῃ
1043 277 1510 327 πλεονεκτεῖσθαι
1537 283 1653 336 ταῖς
1692 294 1771 343 χι·

89 368 230 428 λίαις
261 366 541 433 δραχμαῖς,
581 364 859 426 ψεύσεται·
901 361 1068 416 οὐδὲν
1101 364 1203 430 γὰρ
1238 365 1378 431 ἔχων
1410 365 1635 414 ἔλαττον
1674 360 1771 428 ἀμ-

88 456 344 522 φισβητεῖ
362 454 498 521 πρὸς
530 451 712 520 αὐτάς,
744 450 880 503 ἀλλὰ
913 449 1095 519 πλέον,
1135 451 1207 512 ὡς
1240 448 1414 519 αὐτίχ’
1458 450 1588 518 ὑμῖν
1623 453 1771 501 ἔσται

23 559 64 591 26
86 543 345 610 φανερόν.
409 536 476 593 οὐ
500 541 609 608 μὴν
648 537 765 591 ἀλλ’
799 541 849 591 εἰ
877 539 1053 591 πάντα
1087 537 1245 591 ταῦθ’
1288 538 1358 600 ὡς
1391 537 1612 606 ἀληθῶς
1644 550 1910 592 &vv-1036

88 628 204 697 ε’βη,
231 628 310 681 οὐ
343 630 520 698 δήπου
562 631 777 681 δίκαιον
818 625 908 696 ἐμὲ
950 629 1051 695 τὴν
1092 627 1536 696 ὁμολογηθεῖσαν
1575 634 1773 695 προῖκα

86 718 159 786 μὴ
199 719 406 785 λαβεῖν,
445 722 595 786 εἴπερ
639 717 836 786 ὄφελός
867 737 916 768 τι
956 725 1065 768 τῶν
1105 718 1293 783 νόμων
1335 715 1504 780 ἐστίν,
1544 712 1679 766 οὐδέ
1713 733 1773 781 γε

85 807 182 858 τὸν
221 806 604 873 Πολύευκτον,
650 807 701 857 εἰ
745 814 853 857 τῶν
908 803 1230 872 θυγατέρων
1271 803 1529 872 ἐβούλετο
1570 810 1633 872 τῇ
1673 799 1774 871 μὲν

86 892 316 959 ἐλάττω,
355 900 418 962 τῇ
459 889 520 946 δὲ
558 896 727 946 πλείω
768 890 948 960 προῖκ’
996 891 1309 957 ἐπιδοῦναι,
1358 893 1775 959 διακωλυθῆναι

84 985 212 1035 νῦν·
261 979 348 1033 σοὶ
404 981 506 1048 γὰρ
563 980 706 1051 αὐτῷ
758 981 830 1048 μὴ
881 980 1180 1048 λαμβάνειν
1231 979 1355 1046 ἐξῆν
1406 976 1447 1032 ὦ
1499 981 1775 1047 Σπουδία,

84 1071 156 1138 μὴ
189 1068 641 1139 προστιθεμένων
676 1069 856 1137 ὥσπερ
892 1068 1010 1136 ἐμοὶ
1044 1077 1154 1120 τῶν
1186 1071 1403 1136 χιλίων,
1442 1066 1563 1120 ἀλλ’
1606 1064 1774 1120 οὐδὲν

79 1160 308 1210 ἔλαττον
342 1153 499 1226 εἶχες,
540 1157 612 1219 ὡς
646 1156 749 1224 ἐγὼ
785 1156 1003 1220 διδάξω.
1082 1165 1300 1224 πρῶτον
1339 1157 1372 1209 δ
1383 1152 1393 1168 ⁷
1426 1153 1510 1224 ἐφ’
1538 1148 1634 1229 ,οἷς
1666 1154 1774 1218 ἐξέ-

87 1248 215 1300 δοτο
255 1246 448 1318 τούτῳ,
488 1242 619 1314 λαβὲ
659 1246 757 1314 τὴν
798 1249 1118 1315 μαρτυρίαν.

763 1408 1076 1449 ΜΑΡΤΥΡΙΑ.

19 1528 59 1560 27
96 1562 99 1566 ,
195 1516 326 1573 Πῶς
366 1506 468 1564 οὗν
510 1507 675 1564 οὐδὲν
716 1513 938 1564 ἔλαττον
984 1514 1121 1579 ἔχει,
1162 1513 1324 1580 φήσει
1365 1532 1462 1579 τις,
1502 1514 1552 1564 εί
1597 1513 1773 1584 τούτῳ

32 1590 36 1592 ’
83 1596 184 1669 μὲν
230 1599 290 1653 ἐν
336 1604 451 1661 ταῖς
498 1599 890 1668 τετταράκοντα
944 1609 1105 1667 μναῖς
1153 1599 1433 1667 ἐνετιμᾶτο
1473 1601 1537 1652 τὰ
1577 1604 1774 1670 χρυσία

82 1685 270 1747 καὶτὰ
302 1688 486 1757 ἱμάτια
519 1697 629 1740 τῶν
662 1692 871 1757 χιλίων,
915 1686 1033 1756 ἐμοὶ
1076 1685 1123 1740 δ’
1173 1689 1233 1740 αι’
1269 1687 1398 1741 δέκα
1438 1698 1575 1756 μναῖ
1609 1688 1775 1758 χωρὶς

82 1777 580 1846 προσαπεδίδοντο;
630 1785 791 1829 τοῦτο
842 1778 908 1845 δὴ
959 1776 1047 1828 καὶ
1096 1776 1274 1845 μέλλω
1327 1775 1522 1844 λέγειν.
1603 1778 1631 1831 ὁ
1672 1777 1773 1846 μὲν

83 1866 187 1935 γὰρ
229 1866 512 1927 Σπουδίας
560 1860 602 1916 ὦ
651 1865 850 1933 ἄνδρες
891 1863 1142 1917 δικασταὶ
1191 1866 1336 1932 παρὰ
1377 1874 1474 1918 τοῦ
1515 1867 1772 1934 Λεωκρά-

83 1972 211 2016 τους
261 1956 495 2023 ἐχουσαν
546 1954 610 2006 τὰ
662 1957 860 2023 χρυσία
911 1952 1001 2006 καὶ
1053 1955 1116 2005 τὰ
1171 1954 1353 2022 ἱμάτια
1403 1955 1501 2022 τὴν
1550 1954 1765 2023 γυναῖκ’

73 2043 296 2110 «ἔλαβεν,
336 2037 413 2094 ὧν
454 2043 482 2096 ὁ
526 2043 878 2104 Πολύευκτος
916 2040 1303 2110 προσαπέτεισε
1346 2049 1417 2112 τῷ
1460 2044 1774 2113 Λεωκράτει

83 2134 241 2200 πλεῖν
291 2130 324 2199 ἢ
371 2133 567 2200 χιλιάς·
626 2130 731 2198 ἐγὼ
782 2129 857 2198 δ’,
898 2131 1033 2199 ἅπερ
1082 2128 1290 2199 ε’πεμώέ
1335 2151 1426 2199 μοι
1478 2129 1642 2200 χωρὶς
1682 2129 1774 2199 τῆς

83 2220 337 2287 προικὸς,
384 2216 466 2271 ὄσ’
515 2221 617 2289 ἔχω
666 2222 871 2287 μόνον,
911 2222 1047 2287 πρὸς
1085 2220 1149 2272 τὰ
1190 2220 1364 2291 τούτῳ
1406 2217 1628 2272 δοθέντ’
1677 2221 1772 2272 ἐὰν

85 2305 284 2375 ἀντιθῇ
339 2326 448 2373 τις,
503 2307 724 2375 εὑρήσει
772 2310 1150 2375 παραπλήσια,
1197 2306 1363 2376 χωρὶς
1414 2317 1523 2360 τῶν
1564 2310 1640 2370 εἰς
1679 2310 1774 2371 τὰς

20 2410 60 2464 ἰβ
84 2383 259 2463 χιλίας
291 2393 759 2463 ἀποτιμηθέντων.
836 2393 960 2448 ὥστ’
1008 2398 1229 2457 εἰκότως
1270 2395 1329 2448 ἐν
1369 2406 1485 2458 ταῖς
1524 2397 1773 2466 τετταρά-

82 2502 250 2535 κοντα
296 2483 466 2551 ’μναῖς
523 2482 802 2552 ἐνετιμᾶτο
857 2482 1049 2550 ταῦθ’,
1112 2485 1247 2551 ἅπερ
1311 2480 1636 2538 ἀπετετείκει
1698 2494 1772 2557 τῷ

82 2571 395 2638 Λεωκράτει
451 2569 541 2623 καὶ
597 2575 765 2624 πλείω
822 2581 931 2624 τῶν
996 2570 1114 2639 ἐμοὶ
1174 2571 1458 2625 δοθέντων
1514 2570 1599 2640 ἧν.
1683 2578 1780 2626 καί

76 2671 176 2727 ’μοι
231 2656 362 2728 λαβὲ
422 2669 641 2730 πρῶτον
700 2657 800 2727 μὲν
857 2662 956 2728 τὴν
1018 2659 1344 2728 ἀπογραφὴν
1401 2660 1628 2729 ταυτηνὶ
1682 2660 1773 2717 καὶ

84 2745 198 2815 λέγ’
269 2747 489 2816 αὐτοῖς,
558 2749 694 2815 ἅπερ
767 2746 1017 2816 ἑκάτερος
1085 2747 1240 2816 ἡμῶν
1311 2750 1454 2817 ἔχει,
1517 2751 1648 2817 μετὰ
1711 2748 1771 2802 δὲ

82 2843 250 2889 ταῦτα
299 2837 555 2905 τὴντῶν
603 2837 892 2904 διαιτητῶν
944 2840 1279 2905 μαρτυρίαν,
1331 2833 1402 2888 ’ίν7
1452 2838 1648 2897 ἱδωσιν
1689 2836 1769 2891 ὅτι

0 2922 18 2932 “
82 2922 173 2976 καὶ
222 2929 406 2994 πολλῷ
459 2928 627 2977 πλείω
679 2922 904 2994 χρήματ’
967 2928 1106 2994 ἔχει,
1161 2924 1247 2977 καὶ
1306 2924 1428 2985 περὶ
1473 2926 1684 2978 τούτων
1739 2925 1777 2980 ,ὁ
