2035 3158
709 147 872 190 ΠΡΟΣ
905 146 1276 188 KAAAIKAEA.
1725 139 1834 191 225

152 305 203 337 τι
243 290 516 349 τοιοῦτον,
555 280 824 350 μάρτυσιν
869 275 1008 350 εἶχες
1053 287 1168 341 τοῖς
1215 278 1334 331 τότε
1373 272 1837 345 παραγενομένοις

106 374 475 442 εχρήσασθαι.
552 366 642 422 καὶ
692 368 761 437 νὴ
813 364 911 420 Δί’
965 364 1233 430 ἐπιδεῖξαί
1285 362 1351 433 γέ
1396 358 1450 417 σ’
1507 363 1619 415 ἔδει
1670 369 1837 414 πᾶσιν

150 458 470 529 ἀνθρώποις
500 456 781 527 χαράδραν
814 451 1008 523 οὖσαν,
1040 455 1131 507 ἵνα
1160 454 1233 523 μὴ
1260 455 1405 525 λόγῳ
1430 453 1624 520 μόνον,
1655 450 1836 518 ὥσπερ

153 554 277 615 νῦν,
316 544 435 600 ἀλλ’
480 549 620 619 ἔργῳ
660 541 981 611 τὸν’πατε’ρ’
1019 538 1298 596 ἀδικοῦντ’
1339 540 1650 610 ἀπέφαινες.
1712 539 1836 592 τού-

147 654 262 688 των
306 637 500 687 τοίνυν
546 629 712 687 οὐδὲν
758 629 961 685 πώποτ’
1010 628 1192 692 οὐδεὶς
1238 638 1417 683 ποιεῖν
1462 626 1708 696 ἠξίωσεν.
1769 625 1837 680 οὐ

151 723 255 790 γὰρ
289 721 358 775 ἂν
384 719 500 776 οὔτ’
533 721 759 791 ἐρήμην,
793 720 973 788 ὥσπερ
1011 719 1144 789 ἐμοῦ
1177 716 1323 786 νυνὶ,
1354 717 1837 786 κατεδιῃτήσασθε,

107 826 125 857 ⁷
151 810 277 864 οὔτε
314 807 483 863 πλέον
520 807 591 862 ἂν
629 804 699 877 ἧν
739 807 872 877 ὑμῖν
916 801 1359 876 συκοφαντοῦσιν
1399 803 1586 871 οὐδέν,
1625 800 1743 856 ἀλλ’
1789 804 1840 855 εί

148 896 410 965 ἠνέγκατε
448 898 569 950 τότε
617 895 866 965 μάρτυρα
904 892 994 947 καὶ
1037 893 1512 962 ἐπεμαρτύρασθε,
1558 898 1665 944 νῦν
1710 889 1838 943 ἀπέ-

148 1003 347 1053 φαινεν
394 983 464 1037 ἂν
511 983 719 1046 ἐκεῖνος
764 984 925 1045 εἰδὼς
976 982 1212 1051 ἀκριβῶς
1258 980 1404 1043 ὅπως
1449 976 1592 1051 εἶχεν
1640 978 1836 1031 ἕκαστα

149 1073 388 1140 τούτων,
434 1070 524 1125 καὶ
571 1074 700 1135 τοὺς
747 1071 952 1143 ῥᾳδίως
999 1071 1229 1132 τούτους
1267 1076 1680 1139 μαρτυροῦντας
1719 1066 1835 1136 ἐξή-

150 1164 354 1231 λεγχεν.
432 1159 734 1230 ἀνθρώπου
793 1157 842 1213 δ’
891 1156 1040 1228 οἶμαι
1093 1159 1419 1227 τηλικούτου
1465 1155 1556 1210 καὶ
1606 1155 1837 1225 ἀπείρου

151 1250 305 1314 [τῶν]
338 1248 670 1318 πραγμάτων
702 1248 933 1310 ἅπαντες
976 1243 1492 1315 καταπεφρονήκατέ
1526 1265 1649 1314 μου.
1711 1241 1830 1298 ἀλλ’

149 1336 256 1403 ἐγὼ
307 1338 442 1405 πρὸς
492 1336 734 1398 ἅπαντας
795 1336 1023 1398 τούτους
1073 1330 1116 1387 ὦ
1169 1334 1366 1403 ἄνδρες
1410 1331 1696 1402 Ἀθηναῖοι
1744 1333 1837 1395 τὰς

149 1425 332 1478 αὐτῶν
370 1423 591 1493 πράξεις
632 1424 989 1493 ἰσχυροτάτας
1029 1424 1328 1492 μαρτυρίας
1365 1420 1683 1492 παρέχομαι.
1744 1421 1836 1474 διὰ

147 1515 206 1565 τί
231 1513 335 1581 γὰρ
370 1510 552 1575 οὐδεὶς
591 1509 707 1565 οὔτ’
749 1508 1140 1581 ἐπεμαρτύρατ’
1181 1507 1294 1563 οὔτ’
1334 1508 1671 1578 ἐνεκάλεσεν,
1711 1508 1829 1563 ἀλλ’

147 1597 268 1655 οὐδ’
307 1598 580 1669 ἐμέμψατο
620 1601 856 1669 πώποτε,
896 1596 1016 1652 ἀλλ’
1058 1598 1268 1669 ἐξήρκει
1306 1594 1456 1652 ταῦτ’
1496 1597 1681 1661 αὐτοῖς
1718 1599 1838 1668 ἠδι-

146 1686 403 1757 κημένοις
439 1695 730 1757 περιορᾶν;

104 1791 125 1822 8
256 1773 394 1844 Ἐγὼ
443 1778 637 1830 τοίνυν
690 1776 847 1829 ἱκανὰ
899 1773 999 1844 μὲν
1060 1774 1296 1844 ἡγοῦμαι
1347 1773 1437 1828 καὶ
1487 1772 1636 1828 ταῦτ’
1693 1770 1961 1828 εἷναι1274

146 1865 284 1935 πρὸς
322 1864 422 1932 τὴν
460 1865 673 1917 τούτων
721 1863 1027 1917 ἀναίδειαν
1101 1864 1195 1917 ἵνα
1245 1860 1298 1916 δ’
1345 1860 1512 1930 εἰδῆτ’
1558 1858 1600 1916 ὦ
1641 1863 1837 1933 ἄνδρες

140 1950 428 2022 Ἀθηναῖοι
469 1950 558 2005 καὶ
597 1950 721 2021 περὶ
763 1961 872 2005 τῶν
912 1953 1129 2020 ἄλλων,
1176 1951 1250 2015 ὡς
1289 1948 1415 2005 οὔθ’
1463 1952 1491 2005 ὁ
1530 1953 1705 2022 πατὴρ
1746 1951 1835 2005 οὐ-

148 2037 246 2094 δὲν
283 2040 462 2109 ἠδίκει
502 2041 946 2109 περιοικοδομῶν
979 2041 1039 2093 τὸ
1071 2043 1276 2110 χωρίον
1308 2035 1467 2093 οὗτοί
1493 2058 1548 2092 τε
1579 2048 1836 2102 κατεψευ-

148 2126 339 2196 σμένοι
377 2125 534 2181 πάντ’
582 2126 724 2181 εἰσὶν
763 2127 940 2197 ἡμῶν,
983 2131 1059 2181 ἔτι
1101 2125 1437 2198 σαφέστερον
1474 2126 1615 2196 ὑμᾶς
1651 2128 1838 2196 πειρά-

149 2231 313 2286 σομαι
357 2216 654 2269 διδάσκειν.
732 2216 793 2269 τὸ
830 2212 932 2284 μὲν
973 2216 1074 2285 γὰρ
1122 2218 1327 2285 χωρίον
1371 2215 1714 2284 ὁμολογεῖται
1749 2214 1838 2268 καὶ

103 2301 272 2374 9παρ’
319 2303 502 2357 αὐτῶν
549 2304 765 2357 τούτων
815 2302 1082 2372 ἡμέτερον
1132 2305 1277 2357 ἴδιον
1329 2299 1491 2356 εἶναι·
1541 2304 1738 2357 τούτου
1779 2302 1833 2357 δ’

147 2391 489 2463 ὑπάρχοντος
523 2387 564 2444 ὦ
600 2392 799 2459 ἄνδρες
827 2389 1134 2460 Ἀθηναῖοι,
1175 2392 1406 2461 μάλιστα
1438 2387 1539 2460 μὲν
1570 2389 1738 2462 ᾔδειτ’
1769 2390 1838 2445 ἂν

148 2481 361 2543 ἰδόντες
408 2481 469 2534 τὸ
516 2483 720 2550 χωρίον
769 2479 851 2532 ὅτι
901 2488 1369 2549 συκοφαντοῦμαι.
1457 2480 1545 2534 διὸ
1591 2477 1680 2532 καὶ
1727 2489 1840 2542 τοῖς

147 2569 356 2622 εἰδόσιν
387 2567 695 2636 ἐπιτρέπειν
728 2567 1043 2636 ἐβουλόμην
1079 2566 1203 2636 ἐγὼ,
1235 2577 1347 2630 τοῖς
1382 2573 1532 2629 ἴσοις.
1587 2564 1706 2620 ἀλλ’
1737 2567 1838 2636 οὐχ

147 2651 320 2724 οὗτοι,
356 2656 604 2725 καθάπερ
648 2654 778 2708 νυνὶ
811 2654 992 2723 λε’γειν
1026 2655 1380 2725 ἐπιχειροῦσι·
1416 2657 1585 2724 δῆλον
1618 2653 1665 2708 δ’
1705 2654 1840 2723 ὑμῖν

146 2741 238 2795 καὶ
275 2740 437 2802 τοῦτ’-
467 2742 639 2798 αὐτίκ’
697 2746 846 2797 ἔσται
893 2751 1075 2796 πᾶσιν.
1147 2743 1285 2796 ἀλλὰ
1337 2739 1615 2813 προσέχετ’
1662 2738 1703 2795 ὦ
1742 2743 1838 2795 ἄν·

85 2844 124 2876 ιο
150 2831 275 2900 δρες
300 2827 587 2900 Ἀθηναῖοι
619 2832 755 2899 πρὸς
787 2832 925 2893 Διὸς
956 2829 1047 2884 καὶ
1078 2836 1230 2884 θεῶν
1265 2834 1362 2885 τὸν
1395 2839 1550 2884 νοῦν.
1604 2838 1703 2884 τοῦ
1734 2832 1837 2899 γὰρ

145 2921 350 2988 χωρίου
374 2927 473 2973 τοῦ
497 2917 546 2972 τ’
575 2919 710 2988 ἐμοῦ
743 2916 832 2972 καὶ
865 2928 963 2972 τοῦ
995 2920 1205 2973 τούτων
1231 2921 1290 2973 τὸ
1316 2918 1485 2988 μέσον
1514 2919 1640 2981 ὁδός
1666 2917 1839 2985 ἐστιν,

233 3012 439 3045 Dacos-m.
486 3014 571 3045 Vol.
593 3013 666 3045 111.
1507 3009 1558 3046 15
