2035 3158
83 989 120 1020 18

82 1782 121 1813 19

155 139 176 186 l
189 138 258 191 88
665 140 763 182 LII.
807 136 1312 196 [ΔΗΜΟΣΘΕΝΟΤΣ]

149 271 183 325 ἃ
224 273 312 324 δεῖ
345 274 659 341 χαρίζεσθαι
697 278 990 340 προσῆκον.
1061 268 1238 324 ἔπειθ’
1285 270 1458 333 οὕτως
1497 270 1829 338 ὀλιγωροῦσι

149 367 249 412 τοῦ
300 360 483 412 δοκεῖν
534 358 782 421 ἐπιεικεῖς
831 355 1002 427 εἶναι,
1053 357 1142 411 καὶ
1196 362 1470 429 παντελῶς
1515 358 1684 410 τᾶλλα
1727 358 1827 410 πά-

149 466 321 514 ρεργα·
368 449 503 513 πρὸς
559 448 619 499 τὸ
680 448 869 514 λαβεῖν
927 437 1274 514 νομίζουσιν,
1343 443 1473 498 ὥστ’
1530 445 1597 499 οὐ
1655 448 1830 515 μόνον

148 543 260 595 τοῖς
308 536 577 603 πρότερον
630 533 883 602 ῥηθεῖσιν
933 530 1030 602 ὑφ’
1088 534 1269 602 αὑτῶν
1320 533 1541 603 ἐναντία
1590 537 1829 602 τολμῶσι

148 623 502 692 δημηγορεῖν,
542 621 677 673 ἀλλὰ
717 619 806 673 καὶ
845 629 950 675 νῦν
990 620 1056 674 οὐ
1094 621 1261 674 ταύτὰ
1301 620 1557 689 λέγουσιν
1598 619 1831 688 ἑαυτοῖς,

147 711 345 771 οἵτινες
382 713 510 772 τοὺς
549 706 649 778 μὲν
688 709 888 771 ναύτας
933 708 1066 778 φασὶ
1115 710 1233 762 δεῖν
1282 711 1516 771 οἰκείους
1554 705 1696 762 εἶναι
1735 716 1831 776 τῆς

145 799 403 866 τριήρους
450 805 542 864 τῆς
590 795 899 865 ληψομένης
944 798 1040 850 τὸν
1088 796 1385 865 στέφανον,
1433 806 1540 850 τῶν
1581 792 1825 864 δὲ’τριη-

147 885 364 954 ράρχων
410 888 538 946 τοὺς
587 885 1015 953 ἠλλοτριωκότας
1060 884 1260 947 αὑτοὺς
1307 884 1411 939 ἀπὸ
1459 893 1552 953 τῆς
1598 889 1825 955 λῃτουρ-

147 975 284 1040 γίας,
335 973 562 1035 τούτους
622 982 967 1041 στεφανῶσαι
1025 974 1325 1026 κελεύουσι.
1401 971 1493 1026 καὶ
1542 971 1677 1043 φασὶ
1726 968 1828 1040 μὲν

146 1058 349 1112 οὐδένα
394 1061 604 1113 τούτων
644 1063 913 1130 πρότερον
955 1061 1498 1129 παρασκευάσασθαι,
1542 1061 1827 1113 κελεύουσι

148 1145 207 1200 δὲ
246 1156 403 1218 κοινῇ
446 1157 757 1217 στεφανοῦν
805 1147 977 1217 ἡμᾶς,
1033 1157 1131 1202 τοῦ
1170 1151 1515 1218 ψηφίσματος
1555 1148 1622 1202 οὐ
1659 1156 1828 1200 ταῦτα

146 1234 413 1304 λέγοντος.
507 1235 611 1304 ἐγὼ
669 1233 729 1289 δὲ
790 1237 1056 1290 τοσούτου
1121 1235 1226 1289 δέω
1289 1245 1450 1290 τοῦτο
1505 1245 1830 1306 συγχωρεῖν,

146 1324 383 1391 ὅσουπερ
424 1322 512 1376 καὶ
553 1323 959 1393 μεμισθωκέναι
999 1327 1097 1393 τὴν
1138 1328 1518 1395 τριηραρχίαν·
1559 1324 1682 1376 οὔτε
1724 1323 1827 1391 γὰρ

145 1410 307 1466 τοῦθ’
353 1409 700 1481 ὑπομείναιμ’
754 1411 822 1464 ἂν
870 1409 984 1465 οὔτ’
1042 1410 1199 1465 ἐκεῖν’
1249 1411 1491 1481 ἐποίησα.
1566 1424 1828 1481 προσποι-

147 1509 336 1553 οῦνται
367 1497 468 1569 μὲν
499 1503 690 1553 τοίνυν
722 1497 858 1567 ὑπὲρ
891 1509 989 1554 τοῦ
1024 1502 1239 1554 δικαίου
1274 1508 1622 1569 συνηγορεῖν,
1661 1512 1827 1552 σπου-

145 1589 406 1652 δάζουσιν
455 1584 515 1641 δὲ
561 1592 770 1657 μᾶλλον
818 1587 850 1656 ἢ
896 1586 1075 1658 προῖκ’
1123 1590 1191 1641 ἄν
1237 1609 1317 1652 τις
1363 1588 1517 1657 ὑμῶν
1556 1586 1829 1656 πράττων,

147 1677 326 1745 ὥσπερ
386 1674 508 1739 ἄξια
566 1684 664 1730 τοῦ
721 1681 930 1744 μισθοῦ
988 1684 1209 1745 ποιῆσαι
1267 1684 1547 1745 προσῆκον
1598 1673 1828 1742 ἑαυτοῖς,

145 1761 264 1816 ἀλλ’
319 1763 386 1818 οὐ
435 1764 661 1832 γνώμην
709 1763 1118 1833 ἀποφήνασθαι.
1188 1761 1295 1816 εἶθ’
1345 1763 1523 1833 ὥσπερ
1571 1761 1693 1832 οὐχὶ
1725 1762 1828 1815 ’πο-

145 1855 348 1914 λιτειάς
397 1850 585 1919 κοινῆς
637 1850 949 1921 μετέχοντες
1006 1850 1097 1904 καὶ
1149 1852 1238 1904 διὰ
1289 1859 1456 1904 ταῦτα
1506 1857 1579 1922 τῷ
1630 1854 1827 1920 βουλο-

146 1939 292 2013 μένῳ
333 1938 514 2008 λέγειν
567 1938 722 2007 ἐξόν,
773 1936 890 1991 ἀλλ’
940 1940 1246 2009 ἱερωσύνην
1299 1941 1446 1992 ἰδίαν
1499 1939 1661 1992 αὐτοί
1705 1957 1827 1991 τινα

144 2029 347 2097 ταύτην
400 2030 644 2097 ἔχοντες,
696 2027 791 2080 ἐὰν
842 2023 978 2096 ὑπὲρ
1030 2036 1138 2079 τῶν
1190 2028 1418 2080 δικαίων
1467 2026 1527 2080 ἐν
1577 2026 1709 2095 ὑμῖν
1747 2046 1828 2088 τις

146 2122 301 2187 εἴπῃ,
352 2116 506 2168 δεινὰ
557 2115 827 2185 πάσχουσι
878 2114 967 2168 καὶ
1015 2117 1236 2185 θρασὺν
1288 2112 1434 2168 εἷναί
1477 2129 1663 2184 φασιν.
1738 2112 1829 2167 καὶ

146 2207 224 2266 εἰς
272 2212 537 2257 τοσοῦτον
590 2202 954 2272 ἀναισθησίας
1009 2205 1379 2273 προήκουσιν,
1438 2200 1562 2256 ὥστ’
1620 2208 1828 2257 οἴονται

146 2295 243 2346 τὸν
283 2292 420 2355 ἅπαξ
462 2289 695 2361 εἰρηκότ’
742 2291 810 2344 ἂν
850 2290 1154 2344 καλέσωσιν
1193 2290 1412 2360 ἀναιδῆ,
1453 2300 1592 2362 σφᾶς
1630 2291 1830 2354 αὐτοὺς

147 2383 275 2443 τοὺς
328 2381 503 2432 πάντα
559 2383 654 2433 τὸν
708 2383 833 2449 βιόν
896 2382 1096 2442 καλοὺς
1157 2379 1439 2447 κάγαθοὺς
1492 2382 1827 2448 νομίζεσθαι.

147 2472 322 2522 καίτοι
363 2468 454 2520 διὰ
494 2465 593 2536 μὲν
645 2469 737 2530 τὰς
784 2470 993 2521 τούτων
1042 2469 1377 2536 δημηγορίας
1422 2469 1597 2520 πολλὰ
1642 2477 1828 2537 χεῖρον

140 2559 277 2626 ἔχει,
317 2556 407 2609 διὰ
446 2558 574 2618 τοὺς
614 2554 662 2608 δ’
709 2555 997 2624 οἰομένους
1044 2558 1162 2609 δεῖν
1209 2556 1273 2608 τὰ
1315 2551 1479 2608 δίκαι’
1524 2554 1828 2624 ἀντιλέγειν
1847 2576 1956 2615 1234
2012 2592 2030 2613 -,

149 2645 216 2697 οὐ
255 2642 410 2697 πάντ’
458 2643 756 2698 ἀπόλωλεν.
819 2645 1102 2707 τοιούτους
1133 2648 1325 2697 τοίνυν
1364 2646 1493 2706 τοὺς
1531 2652 1829 2713 συνεροῦν-

147 2753 241 2795 τας
272 2732 457 2795 αὑτοῖς
487 2731 1005 2802 παρεσκευασμένοι,
1043 2731 1134 2785 καὶ
1174 2733 1445 2800 τοσαύτην
1476 2735 1828 2801 βλασφημίαν

143 2822 353 2883 ἐἰδότες
393 2817 567 2874 οὖσαν
607 2819 733 2873 καθ’
775 2819 982 2873 ἑαυτῶν
1015 2830 1126 2883 τοῖς
1164 2818 1522 2889 βουλομένοις
1558 2839 1610 2872 τι
1649 2819 1829 2888 λέγειν

151 2913 431 2977 φλαῦρον,
495 2909 640 2978 ὅμως
693 2911 769 2971 εἰς
832 2912 1000 2977 λόγον
1054 2909 1293 2978 ἠξίωσαν
1355 2916 1685 2976 καταστῆναι
1737 2907 1829 2962 καὶ
