2035 3158
133 276 366 342 ἀνεψιοῦ
405 287 531 340 παῖς
568 277 648 330 ὢν
678 275 868 348 Ἁγνίᾳ
900 278 1037 346 πρὸς
1073 279 1298 345 πατρός,
1339 276 1525 345 ἐπειδὴ
1564 276 1596 344 ἡ
1641 280 1825 329 Φυλο-

134 365 276 436 μάχη
314 365 348 434 ἡ
388 366 563 434 μήτηρ
602 364 634 433 ἡ
675 365 1032 433 Εὐβουλίδου
1072 363 1162 416 καὶ
1202 365 1230 417 ὁ
1265 362 1537 433 Πολέμων
1578 364 1607 418 6
1646 365 1821 432 πατὴρ

134 453 164 507 6
204 450 428 521 Ἁγνίου
483 451 711 522 ἀδελφοὶ
769 448 909 521 ἦσαν
965 452 1288 520 ὁμοπάτριοι
1343 449 1432 505 καὶ
1484 452 1821 521 ὁμομήτριοι.

132 546 209 611 τῷ
247 537 314 592 δέ
358 538 418 608 γε
460 536 806 612 Μακαρτάτῳ
858 537 1021 611 τῳδὶ,
1071 546 1144 609 τῷ
1196 539 1309 591 υἱεῖ
1356 547 1430 610 τῷ
1474 542 1822 615 Θεοπόμπου,

134 624 301 681 οὐδὲν
338 624 552 695 ἐγένετο
592 628 823 695 ἔκγονον
855 627 885 679 ὅ
916 646 964 679 τι
1004 625 1156 678 ’ἐστὶν
1198 626 1257 679 ἐν
1296 635 1369 698 τῷ
1412 632 1543 700 οῖ’κςο
1584 635 1657 699 τῷ
1698 629 1820 694 τού-

67 740 108 770 27
132 712 232 768 του
269 713 360 768 καὶ
398 723 472 786 τῷ
516 717 807 784 Στρατίου.
885 716 1096 767 τούτων
1139 713 1187 766 δ’
1236 715 1409 777 οὕτως
1449 715 1707 785 ἐχόντων,
1745 723 1818 785 τῷ

132 800 233 872 μὲν
270 801 427 856 παιδὶ
465 806 672 875 τουτωί
709 802 857 856 ἐστιν
906 805 1080 871 ὄνομα
1120 812 1229 855 τῶν
1272 803 1331 855 ἐν
1371 811 1444 875 τῷ
1486 807 1639 877 νόμῳ
1678 806 1820 873 εἰρη-

668 144 829 185 ΠΡΟΣ
861 144 1276 187 MAKAPTATON.
1750 143 1820 192 ‘29

131 890 341 960 μένων,
389 889 479 944 καὶ
518 890 676 961 μέχρι
724 886 801 943 ὧν
842 891 870 944 6
910 894 1079 960 νόμος
1119 893 1327 943 κελεύει
1369 893 1469 960 τὴν
1510 892 1821 962 ἀγχιστείαν

131 976 297 1033 εἶναι·
345 978 580 1043 ἀνεψιοῦ
632 980 735 1048 γὰρ
778 976 1003 1046 Ἁγνίου
1051 989 1176 1041 παῖς
1217 980 1386 1032 ἐστιν·
1434 980 1463 1034 ὁ
1503 981 1606 1049 γὰρ
1646 981 1822 1049 πατὴρ

132 1068 306 1122 αὐτοῦ
342 1067 691 1137 Εὐβουλίδης
724 1066 950 1131 ἀνεψιὸς
988 1063 1057 1135 ἦν
1088 1065 1298 1138 Ἁγνίᾳ,
1338 1065 1405 1120 οὗ
1438 1067 1586 1121 ἐστιν
1627 1069 1655 1122 6
1695 1073 1818 1136 κλῆ-

131 1176 240 1226 ρος.
303 1156 332 1210 6
374 1154 439 1209 δέ
474 1175 535 1224 γε
571 1158 896 1224 Θεόπομπος
928 1155 956 1209 ὁ
989 1154 1212 1208 τουτουὶ
1244 1157 1418 1224 πατὴρ
1451 1157 1822 1227 Μακαρτάτου

131 1245 232 1298 οὐκ
278 1243 347 1297 ἂν
395 1240 539 1314 εἶχεν
588 1244 765 1312 ὄνομα
813 1242 1019 1296 θέσθαι
1070 1242 1241 1315 ἑαυτῷ
1291 1254 1400 1297 τῶν
1449 1245 1508 1298 ἐν
1554 1252 1627 1317 τῷ
1667 1237 1820 1317 νόμω

131 1331 434 1403 εἰρημένων
475 1331 664 1386 οὐδέν·
715 1331 768 1396 ἐξ
819 1330 1009 1401 ἑτέρου
1057 1333 1160 1400 γὰρ
1201 1338 1356 1386 οἴκου
1396 1330 1466 1401 ἧν
1505 1342 1605 1387 τοῦ
1644 1337 1820 1403 Στρα-

66 1446 106 1479 28
130 1423 266 1474 τίου.
328 1419 397 1474 οὐ
442 1422 704 1489 προσήκει
755 1417 814 1473 δὲ
855 1416 896 1472 ὦ
948 1422 1146 1489 ἄνδρες
1194 1421 1442 1474 δικασταὶ
1483 1421 1686 1476 οὐδένα
1726 1421 1819 1474 ἀν-

128 1510 373 1579 θρώπων
421 1511 565 1578 ἔχειν
611 1510 708 1561 τὸν
758 1513 966 1577 κλῆρον
1014 1511 1109 1561 τὸν
1142 1507 1364 1577 Ἁγνίου
1414 1509 1466 1574 ἐξ
1517 1508 1703 1579 ἑτέρου
1744 1515 1820 1562 οῖ’-

128 1594 230 1651 κου
270 1599 429 1666 ὄντα,
476 1596 579 1659 ἕως
619 1598 687 1649 ἄν
728 1617 809 1659 τις
858 1600 1103 1666 λείπηται
1144 1607 1252 1650 τῶν
1293 1597 1605 1666 γενομένων
1647 1597 1707 1651 έν
1745 1606 1819 1670 τῷ

129 1690 262 1758 οἴκῳ
301 1692 376 1757 τῷ
413 1683 657 1753 Ἁγνιόυ,
699 1683 820 1738 οὐδ’
862 1685 1147 1754 ἐκβάλλειν
1186 1689 1297 1757 βίᾳ,
1339 1686 1470 1755 ὅπερ
1512 1682 1664 1740 οὗτοι
1705 1688 1818 1739 δια-

128 1774 482 1852 πράττονται,
537 1773 684 1842 γένει
739 1794 795 1827 τε
855 1772 1113 1844 ἀπωτέρω
1163 1776 1316 1837 ὄντες
1361 1774 1451 1828 καὶ
1498 1775 1599 1828 οὐκ
1647 1774 1707 1827 ἐν
1745 1782 1818 1846 τῷ

128 1861 274 1935 αὐτῷ
326 1868 475 1936 οἴκῳ.
551 1871 712 1916 τοῦτο
764 1863 871 1931 γάρ
925 1863 1072 1915 ἐστιν
1124 1859 1165 1916 ὦ
1208 1864 1405 1932 ἄνδρες
1452 1865 1735 1932 δικασταί,
1775 1858 1817 1935 ᾧ

127 1952 538 2021 παρεκρούσατο
588 1953 915 2020 Θεόπομπος
961 1951 990 2005 6
1038 1950 1258 2005 τουτουὶ
1309 1953 1484 2022 πατὴρ
1523 1953 1816 2020 [Μακαρτά-

62 2068 104 2099 29
127 2058 240 2092 του.
309 2042 453 2103 τίνες
503 2035 606 2093 οὖν
661 2039 719 2093 οἱ
755 2037 935 2092 λοιποὶ
988 2042 1064 2092 ἔτι
1115 2048 1221 2093 νῦν
1271 2041 1424 2102 ὄντες
1471 2039 1530 2092 ἐν
1570 2048 1644 2112 τῷ
1687 2047 1818 2113 οἴκῳ

129 2133 203 2199 τῷ
240 2125 489 2196 Ἁγνίου;
534 2128 837 2197 Φυλομάχη
878 2147 933 2180 τε
965 2128 997 2195 ἡ
1033 2127 1131 2196 ε’μὴ
1167 2130 1326 2196 γυνή,
1367 2128 1718 2197 Εὐβουλίδου
1759 2128 1817 2182 δὲ

127 2215 380 2284 θυγάτηρ
420 2211 558 2269 οὖσα
598 2225 697 2270 τοῦ
737 2215 972 2280 ἀνεψιοῦ
1011 2225 1110 2270 τοῦ
1142 2214 1392 2285 Ἁγνίου,
1432 2216 1519 2270 καὶ
1561 2217 1750 2277 οὑτοσὶ
1790 2219 1819 2273 6

126 2311 253 2366 παῖς
291 2303 321 2358 6
360 2303 678 2372 εἰσηγμένος
724 2307 802 2367 εἰς
848 2306 945 2358 τὸν
999 2301 1153 2358 οἶκον
1201 2307 1298 2359 τὸν
1338 2306 1691 2375 Εὐβουλίδου
1729 2306 1817 2360 καὶ

119 2387 360 2459 Ἁγνίου.
434 2394 754 2460 Θεόπομπος
796 2389 855 2444 δ’
896 2392 925 2445 6
966 2391 1187 2446 τουτουὶ
1220 2394 1395 2461 πατὴρ
1428 2395 1951 2463 Μακαρτάτου,]ι)59

131 2479 233 2533 οὐκ
287 2479 366 2533 ὢν
412 2488 510 2533 τοῦ
557 2485 711 2533 οἴκου
760 2489 858 2534 τοῦ
898 2478 1151 2550 Ἁγνίου,
1200 2481 1465 2545 ἐψεύσατο
1512 2484 1648 2551 πρὸς
1692 2486 1820 2546 τοὺς

128 2569 388 2631 δικαστὰς.
423 2567 794 2638 ὑπερμέγεθες
842 2571 1050 2632 ψεῦδος
1097 2573 1227 2640 περί
1261 2589 1317 2623 τε
1357 2578 1451 2638 τῆς
1491 2572 1821 2642 Φυλομάχης

125 2663 220 2725 τῆς
258 2665 358 2710 τοῦ
399 2656 734 2726 Πολέμωνος
775 2656 1038 2726 ἀδελφῆς,
1079 2659 1315 2726 τηθίδος
1354 2655 1404 2711 δ’
1441 2656 1695 2728 Ἁγνίου,
1735 2661 1819 2714 ὅτι

126 2745 227 2798 οὐκ
265 2750 349 2814 εἴη
403 2752 477 2816 τῷ
518 2744 813 2814 Πολέμωνι
855 2754 927 2817 τῷ
969 2755 1068 2800 τοῦ
1100 2744 1329 2815 Ἁγνίου
1366 2748 1480 2800 υἱεῖ
1516 2747 1819 2820 ὁμοπατρία

127 2831 217 2886 καὶ
257 2824 832 2905 ὁμομητρίαάδελφή,
871 2834 961 2888 καὶ
1000 2835 1167 2888 πάλιν
1205 2837 1682 2906 προσποιούμενος
1717 2846 1818 2891 τοῦ

128 2920 300 2974 αὐτοῦ
350 2927 506 2976 οἴκου
560 2919 701 2976 εἶναι
749 2921 965 2994 Ἁγνίᾳ,
1021 2924 1050 2978 6
1104 2923 1451 2977 οὐδεπώποτε
1506 2928 1816 2993 γενόμενος.
