2035 3158
155 138 259 191 154
631 140 787 181 xmx.
826 137 1334 197 [ΔΗΜΟΣΘΕΝΟΤΣ]

142 267 279 326 οὐδὲ
332 271 532 325 τούτου
579 267 630 339 γ’
685 272 896 340 ἔφασαν
940 263 1419 340 καταμαρτυρῆσαι
1450 269 1539 324 ,ἂν
1589 269 1822 341 τάληθῆ·

141 360 352 412 οἰκεῖον
399 358 502 428 γὰρ
549 357 735 420 αὑτοῖς
781 354 937 410 εἶναι.
1000 359 1140 412 ὅπου
1178 362 1371 412 τοίνυν
1421 356 1610 427 μηδεὶς
1646 361 1824 413 τετόλ-

145 465 281 515 μηκε
312 455 422 499 τῶν
454 447 672 499 οἰκείων
704 447 878 518 τούτῳ
909 454 1251 515 μαρτυρῆσαι
1290 443 1381 498 καὶ
1421 443 1826 515 ἐπιμελομένων

146 543 255 587 τῶν
301 535 527 601 τούτου,
574 533 661 586 ὅτε
709 532 973 602 ἀπεδήμει
1020 530 1179 596 οὗτος
1216 534 1361 603 παρὰ
1399 537 1642 603 βασιλεῖ,
1680 533 1714 604 ἢ
1754 535 1828 598 ὡς

146 620 247 674 οὐκ
278 623 474 689 ἔλαβεν
499 621 527 676 ὁ
556 622 849 683 Φιλώνδας
878 622 939 674 τὸ
972 626 1180 674 ναῦλον
1218 631 1329 674 τῶν
1369 621 1549 685 ξύλων
1588 621 1693 676 ἀπὸ
1731 630 1828 692 τῆς

144 708 434 778 τραπέζης,
488 708 521 777 ἢ
569 709 641 771 ὡς
687 708 870 761 αὐτῶν
924 729 1005 771 τις
1054 709 1304 777 διέλυσε,
1363 719 1478 772 πῶς
1530 697 1650 764 οὐκ
1684 712 1828 774 εἰκός

70 811 119 843 35
145 796 293 850 ἐστιν
332 796 472 865 ὑμᾶς
509 797 772 865 ἡγεῖσθαί
805 816 869 866 με
917 796 1130 866 τάληθῆ
1170 796 1374 866 λέγειν;
1422 796 1512 851 καὶ
1550 799 1659 867 μὴν
1699 797 1818 852 οὐδ’

144 883 322 938 ἐκεῖνό
361 904 421 953 γε
463 885 708 953 <εἰπεῖν>
747 888 1029 954 τολμήσει,
1080 886 1153 947 ὡς
1190 886 1354 948 ἄλλος
1391 906 1471 948 τις
1510 884 1726 940 διέλυσε
1764 888 1825 940 τὸ

142 977 352 1026 ναῦλον
389 970 526 1041 ὑπὲρ
566 984 676 1026 τῶν
716 973 896 1037 ξύλων
937 969 1013 1026 ὧν
1052 975 1255 1042 ἤγαγεν
1295 974 1325 1028 ὁ
1368 975 1684 1041 Φιλώνδας,
1721 973 1755 1043 ἢ
1796 974 1827 1028 ὁ

142 1062 317 1131 πατὴρ
358 1061 387 1115 ὁ
419 1061 568 1129 ἐμός.
633 1061 729 1115 ἐὰν
781 1059 841 1114 δὲ
890 1070 1215 1131 καταχρῆται
1263 1069 1337 1133 τῷ
1387 1065 1564 1133 λόγῳ,
1613 1061 1825 1126 ἀξιοῦτε

142 1149 313 1202 αὐτὸν
352 1147 441 1201 καὶ
480 1150 581 1218 τὴν
621 1153 925 1218 μαρτυρίαν
964 1147 1341 1219 παρασχέσθαι
1388 1149 1522 1218 ὑμῖν
1560 1157 1658 1204 τοῦ
1696 1149 1827 1204 ἀπο·

144 1239 339 1299 δόντος
391 1238 453 1290 τὸ
507 1242 717 1291 ναῦλον
765 1234 901 1306 ὑπὲρ
950 1246 1060 1290 τῶν
1107 1237 1301 1301 ξύλων.
1364 1237 1527 1299 αὐτὸς
1570 1233 1673 1306 μὲν
1722 1237 1827 1305 γὰρ

143 1324 488 1392 ὁμολογεῖται
537 1324 839 1394 ἀποδημεῖν
886 1325 1030 1391 παρὰ
1077 1328 1319 1394 βασιλεῖ,
1364 1327 1461 1379 τὸν
1509 1321 1570 1378 δὲ
1611 1314 1827 1378 Φιλών-

144 1414 267 1480 δαν,
307 1411 373 1464 ὃν
413 1415 651 1481 ἔπεμψεν
691 1412 778 1466 ἐπὶ
816 1413 880 1466 τὰ
921 1412 1056 1476 ξύλα
1095 1411 1183 1464 καὶ
1217 1413 1511 1481 συνέστησε
1551 1420 1624 1485 τῷ
1664 1411 1825 1481 πατρὶ

142 1506 216 1570 τῷ
274 1499 413 1571 ἐμῷ,
466 1503 771 1569 τεθνηκότα
816 1499 1105 1568 κατέλαβες
1157 1501 1307 1568 ἥκων
1354 1501 1498 1569 παρὰ
1545 1498 1824 1569 βασιλέως.

70 1603 119 1634 ἑο
142 1587 444 1656 ἀναγκαῖον
485 1589 552 1657 δὴ
593 1598 702 1641 τῶν
741 1589 925 1641 ἄλλων
965 1590 1183 1642 οἰκείων
1221 1587 1310 1640 καὶ
1349 1587 1691 1657 ἐπιτηδείων,
1728 1588 1825 1651 οὓς

141 1674 421 1737 κατέλιπες
453 1674 757 1744 ἀποδημεῖν
788 1667 1004 1743 μέλλων
1037 1679 1520 1745 συνεπιμελεῖσθαι
1551 1685 1661 1728 τῶν
1693 1692 1825 1729 σαυ-

142 1772 261 1831 τοῦ,
299 1762 506 1816 εἰδέναι
544 1764 668 1816 τινὰ
708 1763 845 1816 ὅθεν
884 1765 944 1816 τὸ
984 1768 1192 1816 ναῦλον
1230 1773 1341 1816 τῶν
1380 1763 1559 1827 ξύλων
1597 1766 1828 1832 πορίσας
1845 1774 1955 1814 1196

143 1852 172 1906 ὁ
215 1852 506 1913 Φιλώνδας
555 1858 628 1922 τῷ
680 1851 971 1922 ναυκλήρῳ
1024 1849 1311 1918 διέλυσεν,
1365 1852 1416 1903 εἰ
1466 1851 1537 1918 μὴ
1585 1848 1693 1920 φῂς
1729 1851 1826 1903 τὸν

142 1938 346 2009 πατέρα
377 1940 474 1992 τὸν
507 1938 639 2007 ἐμὸν
673 1946 937 2006 συστῆσαι
977 1937 1144 2008 αὐτῷ,
1183 1935 1320 2007 μηδὲ
1360 1941 1548 2007 λαβεῖν
1587 1940 1685 1992 τὸν
1726 1941 1825 1991 Φι-

143 2029 364 2081 λώνδαν
417 2027 563 2094 παρὰ
618 2034 717 2080 τοῦ
770 2027 972 2093 πατρὸς
1024 2033 1122 2079 τοῦ
1172 2025 1305 2095 ἐμοῦ
1351 2027 1411 2079 τὸ
1458 2030 1667 2079 ναῦλον
1715 2035 1826 2078 τῶν

75 2132 116 2163 ιι
145 2115 339 2179 ξύλων.
403 2116 708 2183 μαρτυρίαν
754 2116 945 2165 τοίνυν
993 2112 1219 2175 οὐδενὸς
1267 2116 1403 2182 ἔχεις
1449 2111 1825 2183 παρασχέσθαι

145 2213 254 2256 τῶν
295 2205 512 2257 οἰκείων
552 2210 661 2254 τῶν
703 2208 935 2269 σαυτοῦ,
975 2202 1046 2263 ὡς
1085 2201 1185 2253 οὐκ
1225 2200 1441 2269 ἐλήφθη
1482 2210 1584 2254 σοῦ
1622 2201 1824 2271 ἀποδη-

143 2300 379 2360 μοῦντος
410 2291 468 2342 τὸ
501 2293 709 2342 ναῦλον
741 2298 850 2341 τῶν
884 2289 1062 2352 ξύλων
1101 2287 1206 2342 ἀπὸ
1246 2296 1338 2357 τῆς
1377 2287 1651 2357 τραπέζης,
1690 2287 1826 2341 ἀλλὰ

149 2381 311 2432 δυοῖν
356 2378 623 2447 θάτερον,
671 2376 702 2445 ἢ
744 2375 932 2429 οὐδενὶ
981 2384 1082 2447 χρῇ
1131 2386 1240 2429 τῶν
1292 2379 1509 2430 οἰκείων
1565 2373 1695 2430 οὐδὲ
1740 2395 1827 2430 m-

143 2451 353 2528 61:535&
398 2475 506 2518 τῶν
546 2473 752 2518 σαυτοῦ
793 2464 1007 2532 οὐδενί,
1046 2463 1079 2532 ἢ
1118 2465 1276 2527 εἰδὼς
1316 2463 1551 2533 ἀκριβῶς
1589 2466 1685 2517 τὸν
1726 2467 1824 2517 Φι-

146 2555 366 2608 λώνδαν
406 2556 643 2623 λαβόντα
683 2554 742 2605 τὸ
783 2556 991 2605 ναῦλον
1040 2561 1150 2605 τῶν
1189 2552 1369 2616 ξύλων
1406 2553 1552 2620 παρὰ
1591 2558 1689 2605 τοῦ
1727 2571 1826 2605 πα-

145 2644 271 2710 τρὸς
310 2649 407 2695 τοῦ
448 2641 612 2710 ἐμοῦ,
660 2634 805 2712 ᾧπερ
853 2639 1023 2693 αὐτὸν
1071 2638 1405 2708 συνέστησας
1444 2640 1531 2692 ὅτε
1572 2637 1827 2709 ἐξέπλεις,

147 2735 248 2784 οἴει
301 2732 420 2783 δεῖν
471 2730 841 2796 ἀποστερήσας
886 2727 1054 2796 ἡμᾶς,
1104 2727 1198 2780 ἐὰν
1239 2728 1411 2798 δύνῃ,
1464 2731 1825 2781 πλεονεκτεῖν.

74 2834 122 2865 42
150 2818 253 2887 ἐγὼ
301 2821 491 2870 τοίνυν
539 2814 580 2870 ὦ
622 2818 818 2885 ἄνδρες
865 2813 1112 2868 δικασταὶ
1161 2817 1296 2884 πρὸς
1335 2823 1396 2885 τῇ
1437 2816 1761 2886 μαρτυρίᾳ,
1791 2808 1825 2885 ᾗ

146 2905 483 2976 παρέσχημαι
532 2905 663 2973 ὑμῖν
703 2911 1115 2974 μαρτυροῦντας
1160 2905 1288 2965 τοὺς
1326 2904 1522 2965 δόντας
1559 2904 1619 2957 τὸ
1659 2901 1824 2972 ἀργύ-
