2035 3158
85 915 127 946 56

89 2583 131 2614 38

151 153 260 205 990
677 151 792 192 LIV.
835 149 1298 192 ΔΗΜΟΣΘΕΝΟΤΣ

151 189 219 205 —dnae

152 285 375 337 νεανικά
436 283 583 337 ε’στιν
647 281 827 334 αὐτῶν
884 281 977 334 τοὐ
1039 281 1141 349 γὰρ
1205 280 1358 349 ἡμεῖς
1410 281 1828 350 μαρτυρήσομεν

151 373 430 442 ἀλλήλοιςς
479 372 545 425 οὐ
595 371 697 439 γὰρ
745 366 904 423 ταῦθ’
959 367 1189 438 ἑταίρων
1238 366 1350 421 ἐστὶ
1396 366 1486 421 καὶ
1533 370 1735 437 φίλων;
1776 369 1834 418 τί

154 458 213 513 δὲ
260 458 347 513 καὶ
396 461 581 513 δεινόν
631 458 777 510 ἐστιν
825 452 902 509 ὧν
948 455 1231 525 παρέξεται
1279 456 1413 508 κατὰ
1462 462 1589 514 σοῦ;
1635 456 1828 508 τυπτό-

153 550 319 616 μενόν
366 550 505 616 φασί
547 565 687 607 τινες
734 545 894 614 ὁρᾶνς
942 544 1094 613 ἡμεῖς
1144 541 1203 596 δὲ
1245 542 1370 613 μηδ’
1416 539 1594 613 ’ἧφθαι
1631 544 1692 596 τὸ
1730 559 1829 595 πα-

154 635 331 702 ράπαν
386 635 819 703 μαρτυρήσομεν.
908 631 1239 684 ἐκδεδύσθαι
1299 629 1617 698 θοίμάτιον;
1676 627 1822 682 τοῦτ’
1849 630 1980 688 1268}

154 724 395 784 ἐκείνους
445 720 743 789 προτέρους
792 717 1144 787 πεποιηκέναι
1194 718 1347 786 ἡμεῖς
1397 718 1829 786 μαρτυρήσομεν.

155 813 212 863 τὸ
252 814 427 879 χεῖλος
461 808 761 877 ἐρράφθαι;
803 807 903 875 τὴν
936 806 1181 874 κεφαλὴν
1215 804 1279 857 δέ
1308 805 1364 873 γ’
1398 804 1550 874 ἡμεῖς
1581 804 1613 873 ἢ
1646 805 1831 875 ἔτερόν

154 917 203 948 τι
249 894 566 964 κατεαγέναι
614 893 898 964 φήσομεν.’
973 893 1110 946 ἀλλὰ
1158 891 1247 945 καὶ
1294 893 1567 962 μάρτυρας
1612 895 1831 962 ἰατροὺς

153 984 468 1055 παρέχομαι.
537 981 682 1037 τοῦτ’
729 982 828 1036 οὐκ
875 984 1025 1035 ἔστιν
1075 977 1116 1033 ὦ
1164 982 1362 1050 ἄνδρες
1401 980 1647 1034 δικασταὶ
1685 981 1831 1051 παρὰ

155 1074 386 1134 τούτοις·
437 1072 538 1125 ὅσα
587 1071 689 1138 γὰρ
740 1071 812 1139 μὴ
862 1066 934 1122 δι’
990 1067 1225 1136 ἑαυτῶν,
1279 1069 1507 1131 οὐδενὸς
1560 1069 1832 1140 μάρτυρος

153 1159 281 1213 καθ’
333 1160 489 1229 ἡμῶν
536 1159 954 1228 εὐπορήσουσιν.
1023 1157 1056 1226 ἡ
1097 1155 1145 1210 δ’
1194 1154 1281 1209 ἀπ’
1329 1156 1508 1209 αὐτῶν
1556 1153 1834 1225 ἑτοιμότης

155 1247 276 1302 οὐδ’
319 1248 387 1301 ἂν
428 1250 599 1300 εἰπεῖν
640 1248 712 1314 μὰ
765 1248 893 1308 τοὺς
940 1248 1108 1307 θεοὺς
1157 1247 1429 1313 δυναίμην
1476 1244 1576 1312 ὅση
1616 1242 1706 1296 καὶ
1744 1244 1832 1298 οἵα

152 1338 288 1405 πρὸς
325 1338 386 1390 τὸ
427 1346 606 1388 ποιεῖν
648 1335 834 1388 ὁτιοῦν
874 1334 1115 1403 ὑπάρχει.
1179 1335 1268 1385 ἵνα
1309 1329 1362 1385 δ’
1401 1329 1580 1399 εἰδῆθ’
1616 1324 1705 1385 οἷα
1742 1329 1833 1385 καὶ

156 1426 613 1492 διαπραττόμενοι
652 1421 1054 1492 περιέρχονται,
1095 1419 1205 1489 λέγ’
1251 1421 1437 1483 αὐτοῖς
1475 1417 1702 1472 ταυτασὶ
1741 1419 1835 1482 τὰς

155 1515 474 1582 μαρτυρίας,
514 1513 582 1564 σὺ
624 1508 676 1563 δ’
724 1510 943 1578 ἐπίλαβε
984 1511 1043 1563 τὸ
1083 1509 1252 1578 ὕδωρ.

822 1643 1160 1712 MAPTTPIAI.

275 1778 504 1846 Τοίχους
564 1777 755 1828 τοίνυν
821 1775 1197 1843 διορύττοντες
1257 1770 1346 1824 καὶ
1405 1775 1656 1834 παίοντες
1697 1768 1837 1834 ’τοὺς
1892 1789 1897 1791 ’

157 1864 525 1931 ἀπαντῶντας,
566 1857 652 1931 ἆρ’
699 1862 767 1915 ἂν
809 1862 939 1930 ὑμῖν
992 1861 1220 1928 ὀκνῆσαι
1269 1862 1529 1914 δοκοῦσιν
1569 1861 1627 1912 ἐν
1666 1879 1834 1927 γραμ-

156 1952 414 2024 ματειδίῳ
455 1952 518 2004 τὰ
557 1952 734 2018 ψευδῆ
783 1959 1077 2019 μαρτυρεῖν
1125 1948 1380 2017 ἀλλήλοις
1419 1948 1476 2000 oc
1510 1967 1833 2016 κεκοινωνη-

156 2043 307 2102 κότες
363 2039 627 2107 τοσαύτης
684 2036 774 2090 καὶ
831 2038 1084 2105 τοιαύτης
1141 2036 1695 2105 φιλαπεχθημοσύνης
1744 2033 1835 2088 καὶ

155 2130 419 2198 πονηρίας
457 2125 545 2179 καὶ
587 2125 864 2188 ἀναιδείας
911 2123 1000 2177 καὶ
1046 2125 1277 2193 ὕβρεως;
1324 2124 1498 2176 πάντα
1538 2123 1641 2193 γὰρ
1680 2120 1827 2177 ταῦτ’

157 2212 327 2286 ἔμοιγ’
367 2214 426 2268 ἐν
466 2223 580 2276 τοῖς
619 2213 726 2267 ὑπὸ
765 2214 975 2266 τούτων
1008 2211 1395 2281 πραττομένοις
1435 2210 1636 2263 ἐνεῖναι
1669 2212 1834 2264 δοκεῖ.

157 2308 330 2358 καίτοι
370 2302 460 2356 καὶ
499 2303 709 2356 τούτων
750 2299 888 2371 ἕτερ’
936 2299 1050 2354 ε’στὶ
1088 2298 1436 2369 πεπραγμένα
1476 2300 1687 2360 τούτοις
1727 2300 1835 2352 δει-
1887 2301 1889 2304 ’

160 2396 369 2462 νότερα,
415 2387 537 2443 ἀλλ’
584 2390 738 2458 ἡμεῖς
788 2389 887 2459 οὐχ
937 2381 1050 2442 οἷοί
1089 2407 1146 2441 τε
1193 2384 1471 2455 γενοίμεθ’
1518 2386 1586 2440 ἂν
1632 2387 1837 2450 πάντας

158 2481 397 2550 ε’,ευρεῖν
436 2480 563 2540 τοὺς
603 2476 979 2546 ἠδικημένους.

271 2565 348 2621 “0
401 2569 592 2620 τοίνυν
653 2566 875 2618 πάντων
937 2562 1326 2617 ἀναιδέστατον
1389 2562 1604 2632 μέλλειν
1666 2561 1835 2616 αὐτὸν

158 2656 339 2709 ἀκούω
392 2664 602 2722 ποιεῖν,
652 2651 869 2723 βέλτιον
918 2654 1120 2721 νομίζω
1171 2659 1453 2719 προειπεῖν
1501 2649 1632 2718 ὑμῖν
1678 2646 1835 2704 εἶναι.

158 2743 292 2812 φασὶ
345 2743 448 2812 γὰρ
502 2740 989 2811 παραστησάμενον
1051 2742 1178 2801 τοὺς
1230 2740 1428 2800 παῖδας
1481 2737 1648 2791 αὐτὸν
1700 2738 1836 2791 κατὰ

159 2832 366 2885 τούτων
407 2829 690 2898 ὀμεῖσθαι,
736 2826 826 2880 καὶ
873 2827 1005 2897 ἀράς
1051 2846 1201 2890 τινας
1230 2826 1431 2902 δεινὰς
1476 2823 1565 2878 καὶ
1604 2825 1838 2895 χαλεπὰς

160 2918 529 2987 ἐπαράσεσθαι
568 2914 657 2969 καὶ
696 2917 972 2983 τοιαύτας,
1021 2915 1138 2977 οἵας
1183 2913 1428 2982 ἀκηκοώς
1473 2911 1539 2981 γε’
1580 2933 1659 2976 τις
1695 2918 1836 2967 θαυ-

1995 1607 2012 1623 ,,

1998 1707 2027 1768 {²2

2010 1631 2026 1679 υ-ύ,
2000 1571 2025 1624 ιιϊἸ

2023 1911 2025 1913 .
2011 1796 2028 1886 ...aa-52
