2035 3158
403 150 560 190 ΚΑΤΑ
591 149 802 193 ΕΤΕΡΓ.
835 149 937 190 ΚΑΙ
969 151 1217 193 ΜΝΗΣΙΒ.
1250 150 1434 191 ΨΕΥΔ.
1667 149 1774 200 105

91 301 257 351 τυρας
301 281 366 334 τὰ
412 283 590 349 ψευδῆ
639 278 1132 351 μεμαρτυρηκέναι;
1186 283 1245 335 οἵ
1279 302 1338 350 γε
1379 279 1510 336 οὐδὲ
1549 291 1655 335 νῦν
1693 300 1778 341 πω

92 373 330 439 τολμῶσι
381 371 442 423 τὸ
493 379 648 438 σῶμα
702 377 795 437 τῆς
849 368 1153 437 ἀνθρώπου
1203 371 1580 439 παραδοῦναι,
1630 370 1777 422 καθὰ

47 497 50 499 -
92 461 302 525 ε’φασαν
351 457 798 526 προκαλέσασθαι
847 459 944 511 τὸν
993 460 1289 527 Θεόφημον
1336 456 1426 511 καὶ
1479 457 1777 527 ἐμαρτύρη-

92 561 196 598 σαν
235 545 403 617 αὐτῷ,
441 543 532 597 καὶ
570 546 670 614 τὴν
709 542 810 614 μὲν
842 549 1149 615 μαρτυρίαν
1189 548 1329 619 ἔργῳ
1369 549 1666 615 βεβαιῶσαι
1707 545 1779 608 ὡς

92 633 303 702 ἀληθής
336 633 468 701 ἐστι,
507 631 596 685 καὶ
635 635 763 695 τοὺς
787 634 1073 707 μάρτυρας
1111 633 1460 704 ἀπηλλάχθαι
1500 643 1599 687 τοῦ
1639 633 1778 701 ἀγῶν

89 741 210 788 νος,
255 721 598 791 παραδόντος
643 722 703 774 τὸ
746 731 898 791 σῶμα
937 729 1032 790 τῆς
1071 721 1408 790 ἀνθρώπου,
1447 723 1548 790 τὴν
1588 720 1637 773 δ’
1684 723 1778 775 ἄν·

87 815 319 876 θρωπον
374 807 498 877 περὶ
553 816 646 877 τῆς
699 810 905 872 αἰκείας
959 812 1386 878 βασανίζεσθαι,
1441 807 1525 878 ἐφ’
1583 804 1616 879 ᾖ
1672 809 1778 877 ἐγὼ

89 898 270 949 διώκω
323 897 446 967 δίκῃ
493 898 589 950 τὸν
638 899 962 966 Θεόφημον,
1016 897 1201 967 ἐπειδὴ
1249 901 1367 951 τότε
1416 898 1483 951 οὐ
1523 897 1779 969 παρέσχε,

88 983 177 1037 καὶ
215 987 312 1039 τὸν
352 988 576 1054 ἔλεγχον
618 985 670 1049 ἐξ
713 981 790 1037 ὧν
831 986 859 1040 ὁ
902 989 1383 1055 Θεόφημος,ε”λεγε
1424 989 1544 1039 τότε
1585 986 1777 1050 ἐξαπα-

89 1082 197 1126 τῶν
234 1075 364 1136 τοὺς
402 1073 676 1141 δικαστάς,
717 1072 776 1126 ἐκ
814 1074 1027 1126 τούτων
1067 1078 1387 1142 γίγνεσθαι;
1429 1077 1532 1143 ἔφη
1573 1075 1677 1143 γὰρ
1717 1073 1779 1127 ἐν

88 1169 151 1231 τῇ
192 1162 317 1232 δίκῃ
356 1169 450 1230 τῆς
489 1163 715 1228 αἰκείας,
753 1164 880 1223 τοὺς
919 1158 1019 1231 μὲν
1059 1162 1338 1232 μάρτυρας
1377 1165 1505 1224 τοὺς
1543 1181 1779 1231 παραγε·

88 1247 357 1319 νομένους
401 1247 491 1302 καὶ
540 1258 954 1318 μαρτυροῦντας
1001 1251 1065 1303 τὰ
1113 1253 1382 1320 γενόμενα
1434 1250 1494 1303 ἐν
1533 1271 1779 1320 γραμμα-

87 1342 213 1410 τείῳ
246 1338 379 1390 κατὰ
411 1339 509 1391 τὸν
540 1340 737 1407 νόμον,
768 1339 990 1401 ψευδεῖς
1022 1335 1162 1391 εἶναι
1195 1338 1285 1391 καὶ
1317 1336 1408 1392 ὑπ’
1450 1338 1585 1407 ἐμοῦ
1616 1358 1779 1408 παρε-

58 1424 523 1494 Δσκευασμένους,
576 1426 676 1494 τὴν
725 1423 773 1478 δ’
827 1427 1129 1494 ἄνθρωπον
1175 1427 1276 1495 τὴν
1327 1426 1780 1497 παραγενομένην

22 2502 62 2533 10

89 1514 234 1582 ἐρεῖν
274 1513 516 1582 τάληθῆ,
556 1513 658 1567 οὐκ
699 1513 757 1567 ἐκ
796 1518 1165 1583 γραμματείου
1204 1524 1614 1584 μαρτυροῦσαν,
1653 1513 1773 1569 ἀλλ’

89 1603 145 1656 ἐκ
185 1610 277 1671 τῆς
318 1603 672 1673 ἰσχυροτάτης
711 1607 1038 1672 μαρτυρίας,
1085 1603 1552 1673 βασανιζομένην,
1592 1605 1780 1658 ὁπότε-

89 1712 183 1759 ρος
222 1687 347 1760 ἦρξε
396 1701 594 1760 χειρῶν
647 1690 869 1743 ἀδίκων.
933 1691 966 1744 ἃ
1007 1692 1102 1760 δὴ,
1149 1699 1222 1763 τῷ
1273 1694 1418 1764 λόγῳ
1458 1695 1576 1745 τότε
1617 1713 1777 1746 κατα-

87 1781 388 1849 χρώμενος»
417 1777 506 1831 καὶ
561 1779 837 1849 μάρτυρας
890 1782 1258 1849 παρεχόμενος
1305 1782 1546 1849 τούτων,
1602 1782 1778 1849 ἠπάτα

87 1871 214 1931 τοὺς
264 1867 550 1935 δικαστάς,
603 1875 710 1920 νῦν
761 1867 1092 1937 ἐξελέγχεται
1138 1869 1315 1936 ψευδῆ
1364 1870 1519 1922 ὄντα·
1573 1871 1634 1922 τὸ
1674 1870 1778 1938 γὰρ

88 1966 241 2025 σῶμα
280 1964 375 2024 τῆς
412 1954 717 2025 ἀνθρώπου
758 1955 824 2009 οὐ
864 1961 1036 2027 τολμᾷ
1076 1957 1453 2026 παραδοῦναι,
1506 1957 1535 2010 ὃ
1576 1977 1917 2026 μεμαρ-ιιιεε

87 2047 385 2113 τυρήκασιν
438 2044 609 2098 αὐτὸν
665 2043 879 2097 ἐθέλειν
933 2046 1311 2113 παραδοῦναι,
1375 2044 1511 2098 ἀλλὰ
1566 2051 1778 2115 μᾶλλον

86 2130 390 2204 προῄρηται
437 2135 534 2186 τὸν
580 2131 825 2202 ἀδελφὸν
872 2132 962 2185 καὶ
1008 2135 1106 2186 τὸν
1156 2135 1425 2202 κηδεστὴν
1464 2136 1778 2204 ψευδομαρ-

87 2231 290 2291 τυριῶν
341 2220 741 2290 ἀγωνίζεσθαι,
791 2220 824 2289 ἢ
863 2222 1210 2287 παραδοῦναι
1256 2224 1317 2275 τὸ
1358 2232 1512 2291 σῶμα
1549 2231 1645 2291 τῆς
1683 2222 1778 2275 ἀν-

85 2311 318 2378 θρώπου
369 2306 460 2361 καὶ
507 2298 732 2371 δικαίως
778 2308 1156 2379 ἀπηλλάχθαι,
1206 2308 1297 2363 καὶ
1348 2312 1421 2379 μὴ
1464 2311 1554 2363 διὰ
1595 2313 1776 2379 λόγων

86 2395 175 2450 καὶ
216 2398 470 2465 δεήσεως,
510 2395 606 2449 ἐὰν
647 2397 952 2463 δύνωνται,
994 2397 1425 2466 ἐξαπατήσαντες
1466 2398 1605 2468 ὑμᾶς
1645 2399 1776 2453 ἀπο-

86 2487 333 2555 φεύγειν,
363 2485 626 2548 πολλάκις
657 2484 792 2554 ἐμοῦ
823 2485 1308 2554 προκαλεσαμένου
1340 2485 1430 2539 καὶ
1464 2479 1776 2556 ἐξαιτήσαν-

84 2595 176 2637 τος
213 2575 314 2643 τὴν
354 2571 805 2643 ἄνθρωπον,,καὶ
846 2575 965 2626 τότε
1005 2569 1049 2625 τ’
1098 2572 1383 2637 ἀξιοῦντος
1421 2576 1776 2644 παραλαμβά-

88 2682 203 2716 νειν
241 2660 331 2715 καὶ
371 2662 501 2731 μετὰ
541 2662 641 2730 τὴν
683 2662 862 2729 δίκην,
900 2659 989 2714 καὶ
1031 2661 1118 2714 ὅτε
1162 2660 1401 2725 ἐξέτινον
1441 2662 1645 2731 αὐτοῖς,
1684 2662 1775 2716 καὶ

85 2749 169 2819 ἐφ’
216 2745 250 2821 ᾖ
290 2750 394 2819 ἐγὼ
435 2751 559 2820 δίκῃ
599 2752 696 2803 τὸν
730 2752 1027 2818 Θεόφημον
1069 2751 1249 2803 διώκω
1288 2758 1382 2819 τῆς
1420 2752 1644 2820 αἰκείας,
1683 2750 1776 2804 καὶ

85 2837 144 2891 ἐν
175 2846 246 2908 ,τῇ
287 2838 569 2906 ἀνακρίσει
607 2846 717 2890 τῶν
756 2839 1274 2908 ψευδομαρτυριῶν·
1324 2837 1415 2892 καὶ
1454 2840 1666 2892 τούτων
1707 2840 1775 2892 οὐ

81 2923 598 2994 προσποιουμένων,
660 2924 797 2978 ἀλλὰ
860 2922 1005 2997 λόγῳ
1060 2922 1160 2994 μὲν
1223 2928 1654 2995 μαρτυρούντων
1709 2927 1773 2980 τὰ
