2035 3158
675 187 840 227 ΠΡΟΣ
873 187 1236 233 ψΑΙΝιΠΠοΝ.
1733 179 1795 232 17

115 319 205 374 καὶ
258 322 415 391 βοᾷς;
468 316 622 379 πόλλ’
678 317 737 372 ἐκ
786 327 896 371 τῶν
947 320 1123 387 ἔργων
1174 327 1284 370 τῶν
1335 317 1643 387 ἀργυρείων
1692 315 1796 384 ἐγὼ

117 411 391 469 Φαίνιππε
437 409 703 477 πρότερον
752 406 914 468 αὐτὸς
959 414 1032 477 τῷ
1082 406 1318 474 ἐμαυτοῦ
1366 405 1572 473 σώματι
1610 410 1933 457 πονῶν1045

115 496 205 551 καὶ
236 497 592 565 ἐργαζόμενος
625 494 1018 563 συνελεξάμην·
1062 494 1326 562 ὁμολογῶ.
1389 492 1516 546 νυνὶ
1557 489 1617 545 δὲ
1654 494 1798 560 πλὴν

116 586 322 652 ὀλίγων
361 580 555 636 ἅπαντ’
601 582 934 635 ἀπολώλεκα.
999 584 1066 634 σὺ
1102 580 1152 634 δ’
1195 582 1251 634 ἑκ
1283 589 1376 649 τῆς
1409 580 1656 650 ἐσχατιᾶς
1694 587 1799 631 νῦν

113 677 315 724 πωλῶν
353 672 447 733 τὰς
485 672 684 740 κριθὰς
717 670 1364 739 ὀκτωκαιδεκαδράχμους
1394 667 1483 721 καὶ
1516 670 1612 721 τὸν
1645 664 1801 721 οἶνον

115 759 598 829 δωδεκάδραχμον,
637 762 889 820 πλουτεῖς
920 760 1159 825 εἰκότως,
1198 757 1421 810 ἐπειδὰν
1452 764 1612 826 ποιῇς
1644 758 1798 809 σίτου

115 844 215 916 μὲν
269 848 567 916 μεδίμνους
617 845 786 900 πλέον
840 845 872 914 ἢ
929 849 1162 915 χιλίους,
1218 851 1374 899 οἴνου
1427 843 1487 898 δὲ
1538 845 1800 914 μετρήτας

51 951 92 983 21
117 932 254 1004 ὑπὲρ
288 935 654 998 ὀκτακοσίους.
719 933 790 987 ἔτ’
831 931 932 988 οὖν
966 937 1066 1003 την
1099 935 1270 1003 αὐτὴν
1303 934 1441 1002 ἡμᾶς
1471 933 1624 998 τάξιν
1657 935 1799 1003 ἔχειν

116 1026 226 1091 δεῖ,
263 1025 336 1093 μὴ
383 1030 476 1092 τῆς
523 1023 688 1091 αὐτῆς
735 1024 897 1092 τύχης
944 1023 1074 1091 ἡμῖν
1122 1023 1649 1091 παρακολουθούσης
1693 1030 1799 1074 νῦν

113 1132 170 1165 τε
222 1110 313 1165 καὶ
366 1114 658 1180 πρότερον;
708 1105 995 1179 ’μηδαμῶς
1060 1111 1126 1164 οὐ
1188 1111 1291 1179 γὰρ
1357 1112 1587 1164 δίκαιον.
1663 1109 1800 1162 ἀλλὰ

114 1199 358 1264 διάδεξαι
397 1198 487 1252 καὶ
528 1202 595 1252 σὺ
636 1197 724 1252 καὶ
772 1199 1037 1268 μετάλαβε
1085 1200 1281 1268 μικρὸν
1331 1202 1532 1269 χρόνον
1571 1206 1664 1267 τῆς
1701 1207 1800 1251 τοῦ

115 1293 550 1359 λῃτουργοῦντος
597 1287 821 1355 τάξεως,
876 1287 1061 1355 ἐπειδὴ
1109 1288 1168 1339 οἱ
1210 1283 1309 1355 μὲν
1358 1286 1576 1364 ε’νιτοῖς
1623 1289 1802 1355 ἔργοις

115 1377 465 1446 ἠτυχήκασιν,
503 1376 658 1445 ὑμεῖς
697 1373 748 1428 δ’
790 1376 848 1429 οί
874 1384 1248 1443 γεωργοῦντες
1280 1375 1557 1443 εὐπορεῖτε
1590 1379 1800 1444 μᾶλλον

115 1465 148 1533 ἢ
186 1473 475 1533 προσῆκεν.
549 1465 740 1517 ἱκανὸν
787 1464 890 1532 γὰρ
939 1468 1142 1533 χρόνον
1191 1461 1280 1515 δύ’
1329 1464 1518 1526 οὐσίας
1563 1464 1800 1530 καρπού-

114 1572 277 1620 μενος
328 1553 607 1619 διατελεῖς,
657 1553 757 1620 τὴν
809 1548 908 1620 μὲν
958 1561 1056 1605 τοῦ
1107 1552 1270 1619 φύσει
1318 1553 1519 1620 πατρὸς
1558 1553 1800 1603 Καλλίπ-

114 1659 247 1709 που,
303 1640 402 1709 τὴν
458 1638 518 1693 δὲ
574 1649 671 1693 τοῦ
725 1639 1101 1709 ποιησαμένου
1146 1654 1224 1707 σε,
1276 1641 1654 1708 Φιλοστράτου
1701 1648 1799 1693 τοῦ

36 1744 92 1786 v22
117 1729 366 1800 ῥήτορος,
403 1727 492 1781 καὶ
534 1725 699 1782 οὐδὲν
731 1730 944 1781 πώποτε
978 1727 1219 1781 τουτοισὶ
1251 1732 1561 1796 πεποίηκας.
1624 1731 1800 1781 καίτοι

115 1817 145 1870 ὁ
184 1813 286 1884 μὲν
327 1816 452 1884 ε’μὸς
482 1817 656 1885 πατὴρ
689 1815 846 1868 πέντε
880 1814 967 1868 καὶ
1001 1816 1394 1883 τετταράκοντα
1426 1825 1580 1884 μνῶν
1613 1818 1799 1885 μόνων

115 1898 383 1977 ἑκατέρῳ,
417 1903 536 1973 ἐμοὶ
574 1903 663 1957 καὶ
703 1911 775 1974 τῷ
818 1902 1067 1975 ἀδελφῷ,
1114 1906 1213 1972 τὴν
1263 1903 1458 1957 οὐσίαν
1498 1903 1801 1972 κατέλιπεν,

115 1991 212 2062 ἀφ’
256 1988 322 2062 ἧς
363 1994 455 2061 ζῆν
495 1991 562 2045 οὐ
601 1990 797 2063 ῥᾴδιόν
838 1991 1008 2045 ἐστιν·
1050 1993 1109 2045 οἱ
1143 1989 1203 2044 δὲ
1236 1990 1322 2045 σοὶ
1355 1991 1579 2061 πατέρες
1609 1994 1801 2046 τοσού-

115 2101 228 2135 των
276 2076 418 2150 ἧσαν
467 2082 649 2149 κύριοι
700 2080 1020 2151 χρημάτων,
1074 2078 1213 2132 ὥσθ’
1271 2078 1526 2149 ἑκατέρου
1577 2085 1801 2149 τρίπους

115 2169 420 2237 ἀνάκειται,
467 2168 812 2237 νικησάντων
860 2168 1040 2221 αὐτῶν
1082 2169 1357 2221 Διονύσια
1398 2170 1798 2238 χορηγούντων.

116 2255 206 2309 καὶ
246 2257 323 2310 οὐ
351 2262 571 2326 φθονῶ·
614 2258 702 2310 δεῖ
738 2258 839 2325 γὰρ
886 2260 1014 2319 τοὺς
1059 2257 1328 2325 εὐπόρους
1367 2260 1666 2327 χρησίμους
1705 2258 1800 2310 αὑ-

116 2347 246 2408 τοὺς
275 2344 530 2415 παρέχειν
561 2355 673 2408 τοῖς
704 2350 962 2408 πολίταις.
1028 2348 1095 2399 σὺ
1129 2349 1320 2399 τοίνυν
1355 2346 1535 2409 δεῖξον
1560 2350 1799 2416 χαλκοῦν

118 2431 215 2485 ἕνα
245 2435 420 2501 μόνον
452 2435 528 2496 εἰς
559 2435 658 2502 τὴν
698 2436 859 2486 πόλιν
900 2433 1209 2501 ἀνηλωκώς,
1250 2434 1278 2487 ὁ
1311 2435 1404 2496 τὰς
1438 2435 1538 2487 δύο
1573 2439 1801 2504 λῃτουρ-

52 2537 94 2569 23
119 2522 322 2588 γούσας
364 2520 552 2583 οὐσίας
592 2523 950 2589 παρειληφώς.
1024 2520 1140 2573 ἀλλ’
1193 2521 1259 2575 οὐ
1305 2521 1519 2585 δείξεις·
1565 2521 1801 2591 ἀποκρύ-

117 2615 350 2663 πτεσθαι
388 2611 492 2679 γὰρ
540 2608 629 2662 καὶ
678 2610 1004 2662 διαδύεσθαι
1052 2608 1140 2662 καὶ
1187 2610 1362 2662 πάντα
1409 2620 1586 2663 ποιεῖν
1628 2610 1680 2674 ἐξ
1724 2606 1800 2663 ὧν

117 2699 190 2766 μὴ
232 2700 621 2768 λῃτουργήσεις
652 2696 894 2750 τουτοισὶ
927 2699 1257 2767 μεμάθηκας.
1322 2696 1443 2750 ἀλλ’
1492 2698 1596 2766 ἐγὼ
1638 2699 1798 2763 δείξω

118 2783 278 2838 πόλλ’
340 2784 655 2854 ἀνηλωκώς,
717 2786 745 2839 ὁ
801 2787 900 2854 τὴν
955 2787 1154 2855 μικράν
1217 2786 1412 2839 οὐσίαν
1466 2788 1799 2857 παραλαβὼν

117 2874 263 2943 παρὰ
302 2883 400 2928 τοῦ
436 2876 652 2945 πατρός.
713 2884 930 2941 πρῶτον
978 2873 1042 2926 δέ
1084 2894 1175 2942 μοι
1224 2876 1319 2928 τὸν
1366 2877 1539 2943 νόμον
1588 2875 1799 2928 ἐκεῖνον
1823 2894 1932 2932 1046

121 2959 407 3031 ἀνάγνωθι
455 2965 552 3017 τὸν
603 2962 702 3016 οὐκ
755 2962 925 3015 ἐῶντα
977 2973 1083 3015 τῶν
1135 2962 1194 3015 ἐν
1245 2973 1358 3025 τοῖς
1409 2966 1586 3033 ἔργοις
1633 2962 1799 3017 οὐδὲν

209 3056 404 3089 Βιψοετη
458 3057 539 3089 Ver
566 3057 636 3088 ῘΠ.
1504 3055 1528 3092 ‘2
