2035 3158
653 226 812 268 RATA
842 224 1172 267 ΣΤΕΦΑΝΟΤ
1204 226 1255 267 Β.
1729 223 1799 275 99

189 360 278 427 μὲν
309 361 568 429 ἐπίκληρός
598 380 670 422 τις
701 350 751 432 ᾗ,
788 359 874 412 τὸν
905 360 1078 427 κύριον
1117 360 1258 427 ἔχειν,
1296 359 1383 411 ἐὰν
1415 358 1467 411 δὲ
1507 360 1573 426 μὴ
1614 351 1664 432 ᾗ,
1704 360 1802 431 ὅτῳ

187 442 251 494 ἂν
274 441 550 513 ἐπιτρέψῃ,
587 449 762 493 τοῦτον
797 441 972 509 κύριον
1009 435 1149 491 εἶναι.

47 566 89 596 19
227 538 404 605 Οὗτος
434 539 535 612 μὲν
566 545 759 607 τοίνυν
792 540 821 594 ὁ
853 543 1024 610 νόμος
1064 540 1160 603 οὓς
1200 540 1421 608 ἐποίησε
1460 543 1688 611 κυρίους
1726 535 1803 594 εἶ’·-

115 651 231 700 ι·αι,
269 629 563 700 ἀκηκόατε·
605 630 688 683 ὅτι
736 625 787 684 δ’
833 626 1018 691 οὐδεὶς
1055 624 1125 697 ἦν
1164 629 1375 682 τούτων
1415 636 1478 698 τῇ
1519 632 1708 699 μητρί,
1745 629 1805 682 οἱ

114 718 390 773 ἀντίδικοί
414 738 508 788 μοι
539 715 697 772 αὐτοὶ
729 710 1223 788 μεμαρτυρήκασιν.
1286 718 1337 770 εἰ
1358 717 1462 786 γὰρ
1493 712 1583 786 ἦν,
1614 720 1800 787 παρεί-

113 804 259 877 χοντ’
305 807 390 860 ἄν.
459 805 811 882 ἧμαρτυρας
860 803 961 874 μὲν
1011 806 1234 869 ψευδεῖς
1286 802 1462 859 οἴεσθ’
1510 804 1579 858 ἂν
1628 823 1799 875 παρα-

114 893 344 966 σχέσθαι
380 893 472 948 καὶ
511 896 783 963 διαθήκας
822 893 924 947 οὐκ
964 894 1163 961 οὔσας,
1203 892 1447 962 ἀδελφὸν
1487 890 1549 946 δὲ
1588 893 1623 963 ἢ
1660 894 1799 947 πάπ-

111 1002 218 1037 πον
256 982 290 1052 ἢ
328 982 534 1054 πατέρα
566 983 667 1036 οὐκ
698 983 788 1050 ἄν,
826 987 976 1051 εἴπερ
1008 977 1078 1050 ἦν
1118 983 1360 1044 δυνατὸν
1401 981 1558 1035 ἕνεκα
1595 983 1799 1052 χρημά-

112 1092 248 1133 των;
288 1071 449 1126 ὁπότε
489 1075 682 1125 τοίνυν
720 1068 911 1138 μηδεὶς
948 1073 1201 1138 φαίνεται
1244 1072 1348 1133 ζῶν
1387 1070 1630 1139 τούτων,
1680 1074 1797 1124 τότε

112 1160 321 1229 ἀνάγκη
357 1159 652 1229 ἐπίκληρον
684 1159 785 1227 τὴν
817 1156 1021 1227 μητέρα
1060 1157 1214 1225 ἡμῶν
1255 1154 1414 1211 εἶναι.
1476 1165 1572 1226 τῆς
1608 1161 1800 1212 τοίνυν

114 1248 412 1318 ἐπικλήρου
445 1255 693 1301 σκοπεῖτε
726 1249 879 1309 τίνας
917 1247 1240 1299 κελεύουσιν
1282 1247 1341 1300 οί
1374 1249 1538 1316 νόμοι
1576 1250 1932 1316 κυρίουςῃὲῑ,

47 1357 90 1388 20
115 1333 271 1390 εἶναι.
338 1333 460 1404 λέγε
499 1329 596 1389 τὸν
633 1337 825 1404 νόμον.

837 1496 1064 1538 ΝΟΜΟΣ.

297 1602 399 1654 Καὶ
444 1602 530 1654 ἐὰν
574 1600 623 1663 ἐξ
671 1601 934 1668 ἐπικλήρου
980 1621 1052 1663 τις
1096 1602 1322 1670 γένηται,
1373 1602 1455 1654 καὶ
1491 1603 1593 1668 ἅμα
1637 1601 1802 1674 ἡβήσῃ

189 1682 270 1734 ἐπὶ
308 1684 482 1749 δίετες,
531 1688 725 1750 κρατεῖν
764 1691 861 1733 τῶν
899 1684 1180 1751 χρημάτων,
1227 1684 1312 1735 τὸν
1351 1682 1404 1735 δὲ
1443 1689 1578 1735 σῖτον
1615 1691 1803 1751 μετρεῖν

187 1774 246 1835 τῇ
286 1765 444 1832 μητρί.

228 1865 451 1918 Οὐκοῦν
491 1864 521 1919 ὁ
561 1861 663 1933 μὲν
702 1867 872 1933 νόμος
910 1865 1120 1918 κελεύει
1160 1867 1289 1928 τοὺς
1327 1866 1527 1928 παῖδας
1562 1865 1802 1934 ἡβήσαν-

114 1973 208 2017 τας
237 1955 465 2022 κυρίους
494 1960 588 2021 τῆς
618 1956 821 2021 μητρὸς
858 1949 1021 2021 εἶναι,
1059 1954 1155 2006 τὸν
1190 1949 1251 2006 δὲ
1291 1962 1444 2006 σῖτον
1483 1964 1699 2022 μετρεῖν
1738 1963 1800 2023 τῇ

115 2043 292 2112 μητρί.
357 2039 463 2109 ἐγὼ
511 2037 571 2094 δὲ
621 2044 889 2110 φαίνομαι
937 2043 1367 2109 στρατευόμενος
1412 2039 1503 2094 καὶ
1548 2062 1801 2112 τριηραρ-

49 2153 86 2184 21
117 2138 230 2199 χῶν
275 2128 436 2198 ὑμῖν,
485 2129 574 2182 ὅτε
622 2125 784 2191 οὗτος
830 2126 1113 2201 συνῴκησε
1161 2137 1224 2199 τῇ
1264 2132 1439 2199 μητρί.
1516 2128 1655 2182 ἀλλὰ
1693 2132 1803 2199 μὴν

117 2216 202 2270 ὅτι
241 2216 346 2285 ἐγὼ
385 2214 487 2286 μὲν
525 2216 848 2285 ἀπεδήμουν
899 2226 1271 2287 τριηραρχῶν,
1318 2216 1708 2287 ἐτετελευτήκει
1747 2216 1798 2271 δ’

118 2306 147 2358 ὁ
186 2306 363 2374 πατὴρ
410 2305 605 2373 πάλαι,
652 2304 741 2357 ὅτε
792 2300 952 2367 οὗτος
992 2307 1183 2374 ἔγημε,
1229 2305 1324 2368 τὰς
1369 2302 1428 2357 δὲ
1467 2311 1806 2376 θεραπαίνας

118 2392 286 2447 αὐτὸν
327 2390 557 2463 ἐξῄτουν
597 2391 690 2445 καὶ
729 2391 921 2461 ἠξίουν
970 2391 1095 2461 περὶ
1134 2393 1304 2447 αὐτοῦ
1341 2394 1540 2447 τούτου
1579 2397 1804 2463 βασανί-

121 2483 307 2545 ζεσθαι
340 2480 533 2548 αὐτάς,
565 2482 616 2533 εἰ
653 2477 801 2533 ταῦτ’
842 2479 1022 2549 ἀληθῆ
1064 2480 1195 2549 ἐστι,
1233 2479 1324 2534 καὶ
1362 2482 1434 2544 ὡς
1470 2485 1804 2551 προεκαλού-

119 2589 254 2639 μην,
294 2568 429 2638 λαβέ
463 2589 557 2638 μοι
597 2570 696 2638 τὴν
737 2572 1057 2638 μαρτυρίαν.

805 2730 1120 2772 ΜΑΡΤΤΡΙΑ.

306 2839 634 2904 Μαρτυροῦσι
678 2841 927 2901 παρεῖναι,
973 2835 1049 2886 ὅτε
1087 2835 1402 2901 προύκαλεῖτο
1437 2831 1799 2904 Ἀπολλόδωρος

200 2916 481 2982 Φορμίωνα,
522 2915 595 2965 ὅτε
627 2913 768 2981 ἠξίου
800 2917 1107 2984 παραδοῦναι
1135 2911 1496 2984 Ἀπολλόδωρος
1531 2920 1800 2984 Φορμίωνα

196 2994 279 3055 τὰς
325 2997 627 3062 θεραπαίνας
676 2996 744 3056 εἰς
791 2996 1035 3062 βάσανον,
1086 2996 1131 3046 εἰ
1175 2996 1241 3061 μή
1281 3011 1404 3062 φησι
1447 2998 1680 3064 Φορμίων
1717 2998 1797 3048 καὶ

1474 3081 1531 3127 7*
