2035 3158
810 168 974 208 ΠΡΟΣ
1005 168 1170 207 Abx-:x
1177 168 1306 208 APH.
1817 167 1887 218 65

205 299 372 368 ὀργῆς
415 298 556 365 ἄξιοι
605 307 718 362 τοῖς
764 297 1187 368 ἀγωνιζομένοις
1233 299 1294 352 αἱ
1337 301 1721 368 διαμαρτυρίαι
1762 301 1887 365 εἰσί,

205 383 417 455 μάλιστ’
470 388 540 441 ἄν
584 406 667 449 τις
721 385 936 440 ἐκεῖθεν
982 387 1305 455 καταμάθοι.
1368 397 1586 455 πρῶτον
1633 383 1734 454 μὲν
1782 387 1886 457 γὰρ

205 474 306 527 οὐκ
344 473 651 544 ἀναγκαίως
691 476 932 543 ἔχουσιν,
972 475 1151 542 ὥσπερ
1185 476 1243 528 οἱ
1277 475 1453 542 ἄλλοι,
1492 471 1610 527 ἀλλ’
1659 474 1717 527 ἐκ
1755 492 1885 542 προ--

204 561 461 632 αιρέσεως
504 561 595 616 καὶ
634 565 948 632 βουλήσεως
994 571 1088 631 τῆς
1125 571 1223 617 τοῦ
1265 565 1768 632 διαμαρτυροῦντος
1805 566 1885 631 γί-

202 670 442 719 γνονται.
504 652 555 703 εἰ
584 647 684 720 μὲν
717 647 991 720 γὰρ.’ὑπὲρ
1031 661 1141 704 τῶν
1182 650 1772 720 διαμφισβητουμένων
1811 651 1883 720 μὴ

203 742 349 792 ἔστιν
388 740 558 793 ἄλλον
597 741 799 808 τρόπον
848 737 1010 808 δίκην
1049 743 1239 808 λαβεῖν
1280 738 1312 807 ἢ
1354 741 1886 809 διαμαρτυρήσαντα,

135 840 179 873 ⁵8
203 832 331 890 ἴσως
369 826 669 896 ἀναγκαῖον
709 828 770 881 τὸ
809 828 1227 897 διαμαρτυρεῖν·
1279 830 1330 881 εἰ
1367 824 1427 881 δὲ
1466 825 1556 880 καὶ
1595 828 1729 880 ἄνευ
1770 828 1883 880 δια-

198 917 498 984 μαρτυρίας
541 917 678 983 πρὸς
724 915 891 968 ἅπασι
938 924 1052 977 τοῖς
1099 917 1411 984 συνεδρίοις
1449 917 1562 967 ἔστι
1603 917 1771 983 λόγου
1811 916 1883 983 μὴ

198 1001 671 1073 ἀποστερηθῆναι,
725 1012 839 1065 πῶς
887 1002 953 1056 οὐ
1000 1007 1319 1071 προπετείας
1369 1001 1460 1056 καὶ
1498 1012 1592 1071 τῆς
1631 1006 1885 1073 μεγίστης

199 1088 462 1154 ἀπονοίας
508 1100 736 1160 σημεῖον
783 1092 842 1144 τὸ
892 1092 1285 1161 διαμαρτυρεῖν
1324 1090 1496 1154 ἐστιν;
1540 1088 1670 1145 οὐδὲ
1711 1093 1813 1161 γὰρ
1854 1091 1884 1146 ὁ

199 1176 504 1248 νομοθέτης
565 1178 868 1247 ἀναγκαῖον
930 1178 1063 1232 αὐτὸ
1120 1179 1338 1248 ἐποίησε
1400 1188 1514 1241 τοῖς
1567 1177 1884 1252 ἀντιδίκοις,

198 1262 316 1320 ἀλλ’
361 1265 431 1320 ἂν
470 1268 779 1336 βούλωνται
821 1268 1239 1337 διαμαρτυρεῖν,
1280 1269 1503 1335 ἔδωκεν,
1544 1268 1724 1337 ὥσπερ
1765 1268 1881 1321 διά-

196 1372 392 1425 πειραν
446 1356 775 1424 ποιούμενος
830 1364 938 1407 τῶν
985 1357 1204 1425 τρόπων
1260 1354 1382 1418 ἑνὸς
1428 1353 1658 1408 ἑκάστου
1707 1355 1881 1425 ἡμῶν,

132 1452 310 1506 ἓθπῶς
346 1438 466 1496 ποτ’
514 1445 731 1512 ἔχοιμεν
771 1445 906 1510 πρὸς
946 1445 1005 1496 τὸ
1045 1452 1327 1512 προπετῶς
1365 1462 1415 1496 τι
1454 1443 1725 1512 πράττειν.
1804 1446 1880 1497 ὲ’τι

197 1534 385 1584 τοίνυν
426 1529 509 1583 ἐπὶ
551 1532 611 1584 τὸ
652 1539 760 1583 τῶν
801 1532 1326 1601 διαμαρτυρούντων
1365 1531 1527 1601 μέρος
1565 1532 1690 1585 οὔτε
1732 1533 1879 1586 δικα»

195 1620 389 1688 στήρια
411 1614 481 1687 ἦν
506 1617 576 1671 ἂν
600 1619 726 1673 οὔτε
752 1618 960 1687 ἀγῶνες
992 1619 1303 1688 ἐγίγνοντο·
1337 1621 1537 1673 κωλύει
1570 1621 1672 1690 γὰρ
1705 1621 1878 1674 πάντα

194 1715 365 1761 ταῦτα
401 1708 462 1760 τὸ
504 1716 612 1760 τῶν
646 1709 1056 1776 διαμαρτυριῶν
1096 1707 1254 1776 γένος
1292 1707 1379 1761 καὶ
1423 1707 1697 1762 ἀποκλείει
1735 1711 1878 1762 εἰσα-

139 1854 142 1855 ⁷
194 1802 374 1866 γωγῆς
405 1793 602 1849 ἕκαστα
633 1802 727 1863 τῆς
757 1795 835 1856 εἰς
866 1796 926 1847 τὸ
960 1794 1333 1862 δικαστήριον,
1372 1795 1506 1848 κατά
1545 1816 1603 1864 γε
1643 1798 1744 1867 τὴν
1781 1806 1880 1852 τοῦ

195 1885 702 1953 διαμαρτυροῦντος
731 1883 1015 1951 βούλησιν.
1085 1883 1276 1951 διόπερ
1314 1879 1464 1952 οἶμαι
1504 1886 1623 1937 δεῖν
1661 1889 1880 1949 κοινοὺς

194 1971 432 2042 ἐχθροὺς
471 1973 600 2033 τοὺς
637 1971 920 2032 τοιούτους
960 1969 1292 2040 ἀνθρώπους
1330 1971 1742 2042 ὑπολαμβάνειν
1780 1982 1877 2028 πᾶ-

193 2072 284 2114 σιν
322 2055 493 2127 εἶναι,
544 2057 633 2112 καὶ
673 2057 939 2127 μηδέποτε
982 2059 1275 2129 τυγχάνειν
1314 2060 1515 2124 αὐτοὺς
1554 2063 1878 2132 συγγνώμης

193 2146 628 2216 ἀγωνιζομένους
679 2144 806 2214 παρ’
868 2146 1022 2216 ὑμῖν·
1076 2150 1446 2217 προελόμενος
1499 2150 1602 2219 γὰρ
1657 2151 1879 2215 ἕκαστος

193 2236 376 2288 αὐτῶν
413 2236 510 2289 τὸν
544 2234 602 2288 ἐκ
633 2242 731 2289 τοῦ
771 2237 1208 2305 διαμαρτυρῆσαι
1246 2239 1531 2307 κίνδυνον,
1571 2239 1672 2292 οὐκ
1711 2239 1877 2311 ἀναγ-

193 2321 419 2385 κασθεὶς
457 2321 770 2393 εἰσέρχεται.

127 2433 172 2464 eo
288 2407 408 2463 Ὅτι
456 2407 556 2479 μὲν
603 2406 706 2464 οὖν
751 2411 784 2480 ἡ
834 2414 1199 2483 διαμαρτυρία
1246 2416 1453 2484 ψευδής
1499 2415 1637 2483 ἐστι,
1683 2415 1772 2471 καὶ
1819 2418 1878 2472 ἐκ

192 2507 302 2552 τῶν
348 2497 741 2568 γεγραμμένων
790 2498 880 2553 καὶ
929 2500 987 2554 ἐκ
1036 2512 1145 2555 τῶν
1195 2502 1499 2573 εἰρημένων
1539 2507 1719 2573 λόγων
1759 2521 1876 2576 σχε-

194 2589 296 2641 δὸν
335 2585 575 2657 ἀκριβῶς
612 2590 976 2657 μεμαθήκατε.
1055 2590 1137 2643 ὅτι
1179 2587 1239 2644 δὲ
1278 2590 1367 2644 καὶ
1407 2592 1466 2645 οἱ
1499 2595 1661 2661 νόμοι
1701 2589 1742 2647 ὦ
1782 2596 1876 2648 ἄν·

194 2676 320 2744 δρες
349 2673 599 2729 δικασταὶ
630 2675 762 2745 ἡμῖν
796 2677 894 2745 τὴν
928 2681 1297 2748 κληρονομίαν
1330 2679 1676 2750 ἀποδιδόασι,
1707 2682 1867 2737 τοῦθ’

193 2761 333 2830 ὑμᾶς
362 2763 734 2834 διάψβραχέων
765 2766 1035 2834 βούλομαι
1076 2767 1311 2835 διδάξαι,
1352 2768 1450 2838 οὐχ
1490 2769 1562 2831 ὡς
1601 2769 1668 2823 οὐ
1707 2790 1873 2841 μεμα-

192 2853 433 2920 θηκότας
462 2849 552 2905 καὶ
585 2851 646 2905 ἐν
677 2862 790 2915 τοῖς
822 2853 882 2905 ἐν
915 2852 1052 2923 ἀρχῇ
1084 2854 1409 2924 εἰρημένοις,
1448 2854 1566 2910 ἀλλ’
1611 2859 1702 2911 ἵνα
1740 2864 1873 2928 μᾶλ»

194 2940 293 2991 λον
337 2940 473 3010 πρὸς
517 2941 617 3010 τὴν
663 2941 874 2994 τούτων
912 2943 1283 3018 ψευδολογίαν
1331 2944 1395 2997 τὰ
1444 2946 1628 2998 δίκαια
1666 2967 1871 3016 μνημο-

278 3033 486 3067 Imaona.
535 3033 615 3068 Vol.
643 3034 704 3067 ΠΙ,
1577 3038 1603 3075 5

0 1445 6 1630 ἒ

0 1638 5 1715 ἕ

0 1735 3 1781 ε

0 1784 4 1878 ξ

1907 1288 2013 1328 1098
