<?xml version="1.0" encoding="UTF-8"?>
<!DOCTYPE html PUBLIC "-//W3C//DTD XHTML 1.0 Transitional//EN"
    "http://www.w3.org/TR/xhtml1/DTD/xhtml1-transitional.dtd">
<html xmlns="http://www.w3.org/1999/xhtml" xml:lang="en" lang="en">
 <head>
  <title>
</title>
<meta http-equiv="Content-Type" content="text/html;charset=utf-8" />
  <meta name='ocr-system' content='tesseract 3.04.00' />
  <meta name='ocr-capabilities' content='ocr_page ocr_carea ocr_par ocr_line ocrx_word'/>
</head>
<body>
  <div class='ocr_page' id='page_1' title='image "./p1orationesexrecen03demouoft_0019.png"; bbox 0 0 2035 3158; ppageno 0'>
   <div class='ocr_carea' id='block_1_1' title="bbox 1159 14 1172 49">
    <p class='ocr_par' dir='ltr' id='par_1_1' title="bbox 1159 14 1172 49">
     <span class='ocr_line' id='line_1_1' title="bbox 1159 14 1172 49; baseline 0 0"><span class='ocrx_word' id='word_1_1' title='bbox 1159 14 1172 49; x_wconf 68' lang='lat' dir='ltr'><em>&#39;J</em></span> 
     </span>
    </p>
   </div>
   <div class='ocr_carea' id='block_1_2' title="bbox 594 168 1792 221">
    <p class='ocr_par' dir='ltr' id='par_1_2' title="bbox 594 168 1792 221">
     <span class='ocr_line' id='line_1_2' title="bbox 594 168 1792 221; baseline 0.007 -9"><span class='ocrx_word' id='word_1_2' title='bbox 594 172 609 204; x_wconf 69' lang='lat' dir='ltr'>t</span> <span class='ocrx_word' id='word_1_3' title='bbox 670 173 833 212; x_wconf 82' lang='grc' dir='ltr'>ΠΡΟΣ</span> <span class='ocrx_word' id='word_1_4' title='bbox 868 168 1228 213; x_wconf 72' lang='grc' dir='ltr'><strong>ΦΑΙΝΙΠΠΟΝ.</strong></span> <span class='ocrx_word' id='word_1_5' title='bbox 1726 170 1792 221; x_wconf 71' lang='lat'><em>13</em></span> 
     </span>
    </p>
   </div>
   <div class='ocr_carea' id='block_1_3' title="bbox 42 301 1917 3019">
    <p class='ocr_par' dir='ltr' id='par_1_3' title="bbox 42 301 1917 3019">
     <span class='ocr_line' id='line_1_3' title="bbox 105 301 1793 375; baseline -0.001 -17"><span class='ocrx_word' id='word_1_6' title='bbox 105 305 191 358; x_wconf 79' lang='grc' dir='ltr'><em>ὅτι</em></span> <span class='ocrx_word' id='word_1_7' title='bbox 220 303 414 368; x_wconf 63' lang='grc' dir='ltr'><em>ὀὐδεὶς</em></span> <span class='ocrx_word' id='word_1_8' title='bbox 453 305 581 374; x_wconf 84' lang='grc' dir='ltr'><em>ὄρος</em></span> <span class='ocrx_word' id='word_1_9' title='bbox 619 306 834 356; x_wconf 80' lang='grc' dir='ltr'><em>ἔπεστιν</em></span> <span class='ocrx_word' id='word_1_10' title='bbox 883 301 969 356; x_wconf 82' lang='grc' dir='ltr'><em>ἐπὶ</em></span> <span class='ocrx_word' id='word_1_11' title='bbox 1015 311 1078 372; x_wconf 76' lang='grc' dir='ltr'><em>τῇ</em></span> <span class='ocrx_word' id='word_1_12' title='bbox 1126 303 1368 375; x_wconf 77' lang='grc' dir='ltr'><strong><em>ἐσχατιᾷ·</em></strong></span> <span class='ocrx_word' id='word_1_13' title='bbox 1407 304 1460 356; x_wconf 80' lang='grc' dir='ltr'><em>εἰ</em></span> <span class='ocrx_word' id='word_1_14' title='bbox 1505 302 1572 356; x_wconf 69' lang='grc' dir='ltr'><em>ὀῗ-ε’</em></span> <span class='ocrx_word' id='word_1_15' title='bbox 1604 314 1793 373; x_wconf 83' lang='grc' dir='ltr'><em>φησιν,</em></span> 
     </span>
     <span class='ocr_line' id='line_1_4' title="bbox 108 390 1791 460; baseline 0 -16"><span class='ocrx_word' id='word_1_16' title='bbox 108 395 281 446; x_wconf 84' lang='grc' dir='ltr'><em>εἰπεῖν</em></span> <span class='ocrx_word' id='word_1_17' title='bbox 321 390 574 446; x_wconf 81' lang='grc' dir='ltr'><em>ἐκέλευον</em></span> <span class='ocrx_word' id='word_1_18' title='bbox 613 391 782 445; x_wconf 87' lang='grc' dir='ltr'><em>αὐτὸν</em></span> <span class='ocrx_word' id='word_1_19' title='bbox 820 393 925 460; x_wconf 79' lang='grc' dir='ltr'><em>ἤδη</em></span> <span class='ocrx_word' id='word_1_20' title='bbox 966 390 1055 444; x_wconf 84' lang='grc' dir='ltr'><em>καὶ</em></span> <span class='ocrx_word' id='word_1_21' title='bbox 1096 391 1295 459; x_wconf 78' lang='grc' dir='ltr'><em>δεῖξαι,</em></span> <span class='ocrx_word' id='word_1_22' title='bbox 1342 392 1487 454; x_wconf 84' lang='grc' dir='ltr'><em>ὅπως</em></span> <span class='ocrx_word' id='word_1_23' title='bbox 1525 393 1598 460; x_wconf 84' lang='grc' dir='ltr'><em>μὴ</em></span> <span class='ocrx_word' id='word_1_24' title='bbox 1638 391 1791 456; x_wconf 71' lang='grc' dir='ltr'><em>ὕστε-</em></span> 
     </span>
     <span class='ocr_line' id='line_1_5' title="bbox 42 477 1791 553; baseline -0.001 -20"><span class='ocrx_word' id='word_1_25' title='bbox 42 532 56 540; x_wconf 71' lang='lat'><strong><em>„</em></strong></span> <span class='ocrx_word' id='word_1_26' title='bbox 108 500 208 548; x_wconf 90' lang='grc' dir='ltr'><em>ρον</em></span> <span class='ocrx_word' id='word_1_27' title='bbox 248 478 490 533; x_wconf 85' lang='grc' dir='ltr'><em>ἐνταῦθα</em></span> <span class='ocrx_word' id='word_1_28' title='bbox 528 477 699 549; x_wconf 79' lang='grc' dir='ltr'><em>χρέως</em></span> <span class='ocrx_word' id='word_1_29' title='bbox 744 483 1045 548; x_wconf 87' lang='grc' dir='ltr'><em>γενόμενον</em></span> <span class='ocrx_word' id='word_1_30' title='bbox 1087 477 1195 545; x_wconf 85' lang='grc' dir='ltr'><em>[ἐπὶ</em></span> <span class='ocrx_word' id='word_1_31' title='bbox 1228 488 1301 551; x_wconf 83' lang='grc' dir='ltr'><em>τῷ</em></span> <span class='ocrx_word' id='word_1_32' title='bbox 1335 481 1538 553; x_wconf 80' lang='grc' dir='ltr'><em>χωρίῳ]</em></span> <span class='ocrx_word' id='word_1_33' title='bbox 1581 478 1791 548; x_wconf 84' lang='grc' dir='ltr'><em>ἀναφα-</em></span> 
     </span>
     <span class='ocr_line' id='line_1_6' title="bbox 60 567 1791 674; baseline 0 -55"><span class='ocrx_word' id='word_1_34' title='bbox 60 587 82 618; x_wconf 70' lang='grc' dir='ltr'><em>ε</em></span> <span class='ocrx_word' id='word_1_35' title='bbox 107 570 341 651; x_wconf 68' lang='grc' dir='ltr'><em>νησεται.</em></span> <span class='ocrx_word' id='word_1_36' title='bbox 390 568 572 620; x_wconf 82' lang='grc' dir='ltr'><em>ἔπειτα</em></span> <span class='ocrx_word' id='word_1_37' title='bbox 575 568 1062 674; x_wconf 74' lang='grc' dir='ltr'><em>παρεσημηνάμην</em></span> <span class='ocrx_word' id='word_1_38' title='bbox 1087 568 1151 620; x_wconf 81' lang='grc' dir='ltr'><em>τὰ</em></span> <span class='ocrx_word' id='word_1_39' title='bbox 1178 570 1462 636; x_wconf 82' lang='grc' dir='ltr'><em>οἰκήματα,</em></span> <span class='ocrx_word' id='word_1_40' title='bbox 1487 567 1576 620; x_wconf 83' lang='grc' dir='ltr'><em>καὶ</em></span> <span class='ocrx_word' id='word_1_41' title='bbox 1594 575 1791 620; x_wconf 82' lang='grc' dir='ltr'><em>τοῦτον</em></span> 
     </span>
     <span class='ocr_line' id='line_1_7' title="bbox 107 645 1792 734; baseline 0 -26"><span class='ocrx_word' id='word_1_42' title='bbox 107 645 358 709; x_wconf 81' lang='grc' dir='ltr'><em>ἐκέλευον</em></span> <span class='ocrx_word' id='word_1_43' title='bbox 412 659 489 718; x_wconf 80' lang='grc' dir='ltr'><em>εἰς</em></span> <span class='ocrx_word' id='word_1_44' title='bbox 540 645 680 724; x_wconf 82' lang='grc' dir='ltr'><em>τάμὰ</em></span> <span class='ocrx_word' id='word_1_45' title='bbox 734 658 991 734; x_wconf 31' lang='lat' dir='ltr'><em>ssogffl&#39;fflew</em></span> <span class='ocrx_word' id='word_1_46' title='bbox 1071 658 1201 725; x_wconf 77' lang='grc' dir='ltr'><em>μετὰ</em></span> <span class='ocrx_word' id='word_1_47' title='bbox 1251 654 1310 709; x_wconf 79' lang='grc' dir='ltr'><em>δε</em></span> <span class='ocrx_word' id='word_1_48' title='bbox 1357 654 1504 709; x_wconf 82' lang='grc' dir='ltr'><em>ταῦτ’</em></span> <span class='ocrx_word' id='word_1_49' title='bbox 1559 657 1792 725; x_wconf 81' lang='grc' dir='ltr'><em>ηρόμην,</em></span> 
     </span>
     <span class='ocr_line' id='line_1_8' title="bbox 106 736 1792 822; baseline 0 -26"><span class='ocrx_word' id='word_1_50' title='bbox 106 744 245 797; x_wconf 83' lang='grc' dir='ltr'><em>ὅπου</em></span> <span class='ocrx_word' id='word_1_51' title='bbox 285 736 314 797; x_wconf 92' lang='lat'><em>6</em></span> <span class='ocrx_word' id='word_1_52' title='bbox 356 752 503 806; x_wconf 85' lang='grc' dir='ltr'><em>σῖτος</em></span> <span class='ocrx_word' id='word_1_53' title='bbox 543 749 631 812; x_wconf 82' lang='grc' dir='ltr'><em>εἴη</em></span> <span class='ocrx_word' id='word_1_54' title='bbox 681 745 709 797; x_wconf 91' lang='grc' dir='ltr'>ὁ</span> <span class='ocrx_word' id='word_1_55' title='bbox 758 744 1156 814; x_wconf 78' lang='grc' dir='ltr'><em>ἀπηλοημένος·</em></span> <span class='ocrx_word' id='word_1_56' title='bbox 1208 742 1348 814; x_wconf 75' lang='grc' dir='ltr'><em>ἦσαν</em></span> <span class='ocrx_word' id='word_1_57' title='bbox 1396 746 1499 814; x_wconf 82' lang='grc' dir='ltr'><em>γάρ</em></span> <span class='ocrx_word' id='word_1_58' title='bbox 1528 746 1614 822; x_wconf 84' lang='grc' dir='ltr'><em>Ινὴ</em></span> <span class='ocrx_word' id='word_1_59' title='bbox 1664 746 1792 806; x_wconf 85' lang='grc' dir='ltr'><em>τοὺς</em></span> 
     </span>
     <span class='ocr_line' id='line_1_9' title="bbox 104 824 1791 903; baseline 0 -19"><span class='ocrx_word' id='word_1_60' title='bbox 104 829 273 894; x_wconf 88' lang='grc' dir='ltr'><em>θεοὺς</em></span> <span class='ocrx_word' id='word_1_61' title='bbox 310 831 399 884; x_wconf 85' lang='grc' dir='ltr'><em>καὶ</em></span> <span class='ocrx_word' id='word_1_62' title='bbox 439 833 533 894; x_wconf 82' lang='grc' dir='ltr'><em>τὰς</em></span> <span class='ocrx_word' id='word_1_63' title='bbox 569 833 704 895; x_wconf 79' lang='grc' dir='ltr'><em>θεὰς</em></span> <span class='ocrx_word' id='word_1_64' title='bbox 744 824 940 903; x_wconf 77' lang='grc' dir='ltr'><em>ἄνδρες</em></span> <span class='ocrx_word' id='word_1_65' title='bbox 980 832 1228 886; x_wconf 81' lang='grc' dir='ltr'><em>δικασταὶ</em></span> <span class='ocrx_word' id='word_1_66' title='bbox 1270 830 1355 886; x_wconf 81' lang='grc' dir='ltr'><em>δύ’</em></span> <span class='ocrx_word' id='word_1_67' title='bbox 1396 835 1540 895; x_wconf 77' lang='grc' dir='ltr'><em>ἅλως</em></span> <span class='ocrx_word' id='word_1_68' title='bbox 1574 831 1791 899; x_wconf 87' lang='grc' dir='ltr'><em>αὐτόθι,</em></span> 
     </span>
     <span class='ocr_line' id='line_1_10' title="bbox 106 907 1789 989; baseline 0 -17"><span class='ocrx_word' id='word_1_69' title='bbox 106 907 305 989; x_wconf 73' lang='grc' dir='ltr'><em>μικροῦ</em></span> <span class='ocrx_word' id='word_1_70' title='bbox 342 918 591 988; x_wconf 79' lang='grc' dir='ltr'><em>πλέθρου</em></span> <span class='ocrx_word' id='word_1_71' title='bbox 633 918 871 989; x_wconf 69' lang='grc' dir='ltr'><em>ἑκατέρα.</em></span> <span class='ocrx_word' id='word_1_72' title='bbox 942 921 970 974; x_wconf 92' lang='grc' dir='ltr'>ὁ</span> <span class='ocrx_word' id='word_1_73' title='bbox 1020 918 1072 972; x_wconf 77' lang='grc' dir='ltr'><em>δ’</em></span> <span class='ocrx_word' id='word_1_74' title='bbox 1120 920 1446 988; x_wconf 83' lang='grc' dir='ltr'><em>ἀπεκρίνατό</em></span> <span class='ocrx_word' id='word_1_75' title='bbox 1486 941 1598 989; x_wconf 77' lang='grc' dir='ltr'><em>μοι,</em></span> <span class='ocrx_word' id='word_1_76' title='bbox 1638 920 1720 973; x_wconf 79' lang='grc' dir='ltr'><em>ὅτι</em></span> <span class='ocrx_word' id='word_1_77' title='bbox 1761 921 1789 973; x_wconf 91' lang='lat'><em>6</em></span> 
     </span>
     <span class='ocr_line' id='line_1_11' title="bbox 105 996 1789 1078; baseline 0.001 -19"><span class='ocrx_word' id='word_1_78' title='bbox 105 996 205 1075; x_wconf 76' lang='grc' dir='ltr'><em>μὲν</em></span> <span class='ocrx_word' id='word_1_79' title='bbox 236 1006 576 1076; x_wconf 76' lang='grc' dir='ltr'><em>πεπραμένος</em></span> <span class='ocrx_word' id='word_1_80' title='bbox 609 1015 691 1078; x_wconf 80' lang='grc' dir='ltr'><em>εἴη</em></span> <span class='ocrx_word' id='word_1_81' title='bbox 725 1018 823 1062; x_wconf 89' lang='grc' dir='ltr'><em>τοῦ</em></span> <span class='ocrx_word' id='word_1_82' title='bbox 856 1012 1030 1076; x_wconf 76' lang='grc' dir='ltr'><em>σίτου,</em></span> <span class='ocrx_word' id='word_1_83' title='bbox 1064 1009 1092 1062; x_wconf 89' lang='grc' dir='ltr'>ὁ</span> <span class='ocrx_word' id='word_1_84' title='bbox 1128 1007 1180 1061; x_wconf 83' lang='grc' dir='ltr'><em>δ’</em></span> <span class='ocrx_word' id='word_1_85' title='bbox 1221 1011 1386 1062; x_wconf 79' lang='grc' dir='ltr'><em>ἔνδον</em></span> <span class='ocrx_word' id='word_1_86' title='bbox 1420 1009 1789 1078; x_wconf 73' lang='grc' dir='ltr'><em>ἀποκείμενος,</em></span> 
     </span>
     <span class='ocr_line' id='line_1_12' title="bbox 62 1083 1790 1165; baseline 0 -17"><span class='ocrx_word' id='word_1_87' title='bbox 62 1109 80 1140; x_wconf 73' lang='lat'><em>&#39;⁴&#39;</em></span> <span class='ocrx_word' id='word_1_88' title='bbox 104 1083 255 1159; x_wconf 77' lang='grc' dir='ltr'><em>τέλος</em></span> <span class='ocrx_word' id='word_1_89' title='bbox 293 1093 384 1163; x_wconf 72' lang='grc' dir='ltr'><em>δ’,</em></span> <span class='ocrx_word' id='word_1_90' title='bbox 436 1096 527 1148; x_wconf 84' lang='grc' dir='ltr'><em>ἵνα</em></span> <span class='ocrx_word' id='word_1_91' title='bbox 578 1097 650 1164; x_wconf 84' lang='grc' dir='ltr'><em>μὴ</em></span> <span class='ocrx_word' id='word_1_92' title='bbox 702 1100 1055 1164; x_wconf 79' lang='grc' dir='ltr'><em>μακρολογῶ,</em></span> <span class='ocrx_word' id='word_1_93' title='bbox 1106 1100 1443 1165; x_wconf 75' lang='grc' dir='ltr'><em>καταστήσας</em></span> <span class='ocrx_word' id='word_1_94' title='bbox 1492 1096 1790 1165; x_wconf 78' lang='grc' dir='ltr'><em>φυλάττειν</em></span> 
     </span>
     <span class='ocr_line' id='line_1_13' title="bbox 103 1181 1792 1251; baseline 0 -14"><span class='ocrx_word' id='word_1_95' title='bbox 103 1185 268 1237; x_wconf 79' lang='grc' dir='ltr'><em>ἔνδον</em></span> <span class='ocrx_word' id='word_1_96' title='bbox 313 1184 489 1249; x_wconf 77' lang='grc' dir='ltr'><em>τινάς,</em></span> <span class='ocrx_word' id='word_1_97' title='bbox 536 1182 624 1235; x_wconf 81' lang='grc' dir='ltr'><em>καὶ</em></span> <span class='ocrx_word' id='word_1_98' title='bbox 672 1185 740 1251; x_wconf 89' lang='grc' dir='ltr'><em>νὴ</em></span> <span class='ocrx_word' id='word_1_99' title='bbox 790 1181 885 1235; x_wconf 83' lang='grc' dir='ltr'><em>Δί’</em></span> <span class='ocrx_word' id='word_1_100' title='bbox 941 1183 1185 1236; x_wconf 88' lang='grc' dir='ltr'><em>ἀπειπὼν</em></span> <span class='ocrx_word' id='word_1_101' title='bbox 1233 1183 1321 1236; x_wconf 84' lang='grc' dir='ltr'><em>καὶ</em></span> <span class='ocrx_word' id='word_1_102' title='bbox 1370 1186 1620 1247; x_wconf 86' lang='grc' dir='ltr'><em>κωλύσας</em></span> <span class='ocrx_word' id='word_1_103' title='bbox 1664 1187 1792 1247; x_wconf 88' lang='grc' dir='ltr'><em>τοὺς</em></span> 
     </span>
     <span class='ocr_line' id='line_1_14' title="bbox 103 1271 1809 1343; baseline 0.002 -18"><span class='ocrx_word' id='word_1_104' title='bbox 103 1272 370 1340; x_wconf 76' lang='grc' dir='ltr'><em>ὀνηλάτας</em></span> <span class='ocrx_word' id='word_1_105' title='bbox 409 1274 481 1341; x_wconf 88' lang='grc' dir='ltr'><em>μὴ</em></span> <span class='ocrx_word' id='word_1_106' title='bbox 526 1272 736 1339; x_wconf 76' lang='grc' dir='ltr'><em>ἐξάγειν</em></span> <span class='ocrx_word' id='word_1_107' title='bbox 784 1273 884 1339; x_wconf 81' lang='grc' dir='ltr'><em>τὴν</em></span> <span class='ocrx_word' id='word_1_108' title='bbox 929 1272 1070 1340; x_wconf 77' lang='grc' dir='ltr'><em>ὕλην</em></span> <span class='ocrx_word' id='word_1_109' title='bbox 1111 1272 1169 1324; x_wconf 89' lang='grc' dir='ltr'><em>ἐκ</em></span> <span class='ocrx_word' id='word_1_110' title='bbox 1209 1280 1302 1340; x_wconf 73' lang='grc' dir='ltr'><em>τῆς</em></span> <span class='ocrx_word' id='word_1_111' title='bbox 1343 1271 1591 1342; x_wconf 82' lang='grc' dir='ltr'><em>ἐσχατιᾶς</em></span> <span class='ocrx_word' id='word_1_112' title='bbox 1631 1272 1809 1343; x_wconf 83' lang='grc' dir='ltr'><em>(πρὸς,</em></span> 
     </span>
     <span class='ocr_line' id='line_1_15' title="bbox 104 1357 1917 1431; baseline 0.001 -19"><span class='ocrx_word' id='word_1_113' title='bbox 104 1360 206 1429; x_wconf 85' lang='grc' dir='ltr'><em>γὰρ</em></span> <span class='ocrx_word' id='word_1_114' title='bbox 247 1367 310 1429; x_wconf 74' lang='grc' dir='ltr'><em>τῇ</em></span> <span class='ocrx_word' id='word_1_115' title='bbox 349 1361 485 1431; x_wconf 75' lang='grc' dir='ltr'><em>ἄλλῃ</em></span> <span class='ocrx_word' id='word_1_116' title='bbox 527 1360 690 1430; x_wconf 78' lang='grc' dir='ltr'><em>οὐσία</em></span> <span class='ocrx_word' id='word_1_117' title='bbox 737 1368 798 1429; x_wconf 72' lang='grc' dir='ltr'><em>τῇ</em></span> <span class='ocrx_word' id='word_1_118' title='bbox 844 1364 1159 1413; x_wconf 83' lang='grc' dir='ltr'><em>Φαινίππου</em></span> <span class='ocrx_word' id='word_1_119' title='bbox 1202 1357 1242 1412; x_wconf 82' lang='grc' dir='ltr'>ὦ</span> <span class='ocrx_word' id='word_1_120' title='bbox 1284 1362 1482 1431; x_wconf 76' lang='grc' dir='ltr'><em>ἄνδρες</em></span> <span class='ocrx_word' id='word_1_121' title='bbox 1523 1363 1917 1427; x_wconf 54' lang='grc' dir='ltr'><em>δικασταίᾼοςιῑ</em></span> 
     </span>
     <span class='ocr_line' id='line_1_16' title="bbox 102 1447 1782 1519; baseline 0.001 -19"><span class='ocrx_word' id='word_1_122' title='bbox 102 1447 192 1500; x_wconf 83' lang='grc' dir='ltr'><em>καὶ</em></span> <span class='ocrx_word' id='word_1_123' title='bbox 243 1448 378 1516; x_wconf 79' lang='grc' dir='ltr'><em>αὕτη</em></span> <span class='ocrx_word' id='word_1_124' title='bbox 410 1450 702 1517; x_wconf 77' lang='grc' dir='ltr'><em>,πρόσοδος</em></span> <span class='ocrx_word' id='word_1_125' title='bbox 754 1449 957 1517; x_wconf 90' lang='grc' dir='ltr'><em>μεγάλη</em></span> <span class='ocrx_word' id='word_1_126' title='bbox 1013 1447 1160 1501; x_wconf 85' lang='grc' dir='ltr'><em>ἐστὶν</em></span> <span class='ocrx_word' id='word_1_127' title='bbox 1212 1449 1378 1519; x_wconf 78' lang='grc' dir='ltr'><em>αὐτῷ·</em></span> <span class='ocrx_word' id='word_1_128' title='bbox 1428 1449 1480 1513; x_wconf 80' lang='grc' dir='ltr'><em>ἓξ</em></span> <span class='ocrx_word' id='word_1_129' title='bbox 1535 1451 1653 1502; x_wconf 82' lang='grc' dir='ltr'><em>ὄνοι</em></span> <span class='ocrx_word' id='word_1_130' title='bbox 1706 1449 1782 1502; x_wconf 83' lang='grc' dir='ltr'><em>δι’</em></span> 
     </span>
     <span class='ocr_line' id='line_1_17' title="bbox 105 1533 1788 1607; baseline 0.002 -18"><span class='ocrx_word' id='word_1_131' title='bbox 105 1536 359 1590; x_wconf 85' lang='grc' dir='ltr'><em>ἐνιαυτοῦ</em></span> <span class='ocrx_word' id='word_1_132' title='bbox 389 1535 758 1604; x_wconf 78' lang='grc' dir='ltr'><em>ὑλαγωγοῦσι,</em></span> <span class='ocrx_word' id='word_1_133' title='bbox 798 1535 887 1589; x_wconf 86' lang='grc' dir='ltr'><em>καὶ</em></span> <span class='ocrx_word' id='word_1_134' title='bbox 921 1537 1185 1605; x_wconf 86' lang='grc' dir='ltr'><em>λαμβάνει</em></span> <span class='ocrx_word' id='word_1_135' title='bbox 1219 1533 1377 1600; x_wconf 80' lang='grc' dir='ltr'><em>οὗτος</em></span> <span class='ocrx_word' id='word_1_136' title='bbox 1408 1537 1575 1591; x_wconf 88' lang='grc' dir='ltr'><em>πλεόν</em></span> <span class='ocrx_word' id='word_1_137' title='bbox 1612 1538 1644 1607; x_wconf 66' lang='grc' dir='ltr'><em>’ἢ</em></span> <span class='ocrx_word' id='word_1_138' title='bbox 1685 1540 1788 1592; x_wconf 75' lang='grc' dir='ltr'><em>δώ-</em></span> 
     </span>
     <span class='ocr_line' id='line_1_18' title="bbox 103 1623 1786 1696; baseline 0.002 -20"><span class='ocrx_word' id='word_1_139' title='bbox 103 1626 234 1678; x_wconf 78' lang='grc' dir='ltr'><em>δεκα</em></span> <span class='ocrx_word' id='word_1_140' title='bbox 285 1625 526 1694; x_wconf 82' lang='grc' dir='ltr'><em>δραχμὰς</em></span> <span class='ocrx_word' id='word_1_141' title='bbox 576 1633 669 1692; x_wconf 83' lang='grc' dir='ltr'><em>τῆς</em></span> <span class='ocrx_word' id='word_1_142' title='bbox 727 1623 950 1696; x_wconf 81' lang='grc' dir='ltr'><em>ἡμέρας)</em></span> <span class='ocrx_word' id='word_1_143' title='bbox 1010 1627 1223 1688; x_wconf 86' lang='grc' dir='ltr'><em>τούτοις</em></span> <span class='ocrx_word' id='word_1_144' title='bbox 1281 1625 1556 1694; x_wconf 79' lang='grc' dir='ltr'><em>ἀπειπὼν,</em></span> <span class='ocrx_word' id='word_1_145' title='bbox 1608 1628 1786 1696; x_wconf 82' lang='grc' dir='ltr'><em>ὥσπερ</em></span> 
     </span>
     <span class='ocr_line' id='line_1_19' title="bbox 102 1708 1786 1783; baseline 0.002 -18"><span class='ocrx_word' id='word_1_146' title='bbox 102 1708 262 1781; x_wconf 74' lang='grc' dir='ltr'><em>λέγω,</em></span> <span class='ocrx_word' id='word_1_147' title='bbox 308 1720 402 1780; x_wconf 84' lang='grc' dir='ltr'><em>τῆς</em></span> <span class='ocrx_word' id='word_1_148' title='bbox 446 1714 580 1781; x_wconf 79' lang='grc' dir='ltr'><em>ὕλης</em></span> <span class='ocrx_word' id='word_1_149' title='bbox 627 1715 698 1782; x_wconf 84' lang='grc' dir='ltr'><em>μὴ</em></span> <span class='ocrx_word' id='word_1_150' title='bbox 748 1715 1036 1782; x_wconf 75' lang='grc' dir='ltr'><em>ἅπτεσθαι,</em></span> <span class='ocrx_word' id='word_1_151' title='bbox 1083 1713 1172 1767; x_wconf 84' lang='grc' dir='ltr'><em>καὶ</em></span> <span class='ocrx_word' id='word_1_152' title='bbox 1222 1714 1542 1783; x_wconf 78' lang='grc' dir='ltr'><em>ἐπαγγείλας</em></span> <span class='ocrx_word' id='word_1_153' title='bbox 1590 1715 1675 1768; x_wconf 79' lang='grc' dir='ltr'><em>ἐπὶ</em></span> <span class='ocrx_word' id='word_1_154' title='bbox 1722 1718 1786 1768; x_wconf 79' lang='grc' dir='ltr'><em>τὰ</em></span> 
     </span>
     <span class='ocr_line' id='line_1_20' title="bbox 103 1802 1787 1875; baseline 0.002 -22"><span class='ocrx_word' id='word_1_155' title='bbox 103 1802 220 1871; x_wconf 82' lang='grc' dir='ltr'><em>ἱερὰ</em></span> <span class='ocrx_word' id='word_1_156' title='bbox 285 1805 577 1874; x_wconf 78' lang='grc' dir='ltr'><em>Φαινίππῳ</em></span> <span class='ocrx_word' id='word_1_157' title='bbox 640 1803 773 1854; x_wconf 84' lang='grc' dir='ltr'><em>κατὰ</em></span> <span class='ocrx_word' id='word_1_158' title='bbox 836 1805 932 1856; x_wconf 90' lang='grc' dir='ltr'><em>τὸν</em></span> <span class='ocrx_word' id='word_1_159' title='bbox 999 1806 1169 1871; x_wconf 88' lang='grc' dir='ltr'><em>νόμον</em></span> <span class='ocrx_word' id='word_1_160' title='bbox 1231 1803 1503 1869; x_wconf 77' lang='grc' dir='ltr'><em>ἀπαντᾶν,</em></span> <span class='ocrx_word' id='word_1_161' title='bbox 1567 1802 1787 1875; x_wconf 72' lang='grc' dir='ltr'><em>ᾠχόμην</em></span> 
     </span>
     <span class='ocr_line' id='line_1_21' title="bbox 55 1883 1788 1961; baseline 0.002 -20"><span class='ocrx_word' id='word_1_162' title='bbox 55 1904 78 1935; x_wconf 84' lang='lat'>8</span> <span class='ocrx_word' id='word_1_163' title='bbox 103 1889 279 1943; x_wconf 85' lang='grc' dir='ltr'><em>ἀπιὼν</em></span> <span class='ocrx_word' id='word_1_164' title='bbox 317 1883 395 1952; x_wconf 77' lang='grc' dir='ltr'><em>είς</em></span> <span class='ocrx_word' id='word_1_165' title='bbox 434 1891 585 1943; x_wconf 76' lang='grc' dir='ltr'><em>ἄστυ.</em></span> <span class='ocrx_word' id='word_1_166' title='bbox 654 1901 872 1957; x_wconf 86' lang='grc' dir='ltr'><em>πρῶτον</em></span> <span class='ocrx_word' id='word_1_167' title='bbox 913 1888 1013 1959; x_wconf 71' lang='grc' dir='ltr'><em>μὲν</em></span> <span class='ocrx_word' id='word_1_168' title='bbox 1054 1887 1156 1944; x_wconf 81' lang='grc' dir='ltr'><em>οὖν</em></span> <span class='ocrx_word' id='word_1_169' title='bbox 1203 1902 1312 1944; x_wconf 84' lang='grc' dir='ltr'><em>τῶν</em></span> <span class='ocrx_word' id='word_1_170' title='bbox 1353 1890 1655 1961; x_wconf 79' lang='grc' dir='ltr'><em>εἰρημένων</em></span> <span class='ocrx_word' id='word_1_171' title='bbox 1695 1894 1788 1954; x_wconf 78' lang='grc' dir='ltr'><em>τὰς</em></span> 
     </span>
     <span class='ocr_line' id='line_1_22' title="bbox 101 1979 1785 2048; baseline 0.002 -18"><span class='ocrx_word' id='word_1_172' title='bbox 101 1981 400 2048; x_wconf 86' lang='grc' dir='ltr'><em>μαρτυρίας</em></span> <span class='ocrx_word' id='word_1_173' title='bbox 438 1979 571 2047; x_wconf 87' lang='grc' dir='ltr'><em>ὑμῖν</em></span> <span class='ocrx_word' id='word_1_174' title='bbox 610 1979 927 2047; x_wconf 68' lang='grc' dir='ltr'><em>παρέξομαι,</em></span> <span class='ocrx_word' id='word_1_175' title='bbox 968 1982 1147 2032; x_wconf 82' lang='grc' dir='ltr'><em>ἔπειτα</em></span> <span class='ocrx_word' id='word_1_176' title='bbox 1186 1979 1273 2032; x_wconf 86' lang='grc' dir='ltr'><em>καὶ</em></span> <span class='ocrx_word' id='word_1_177' title='bbox 1305 1980 1427 2048; x_wconf 80' lang='grc' dir='ltr'><em>περὶ</em></span> <span class='ocrx_word' id='word_1_178' title='bbox 1461 1991 1569 2033; x_wconf 85' lang='grc' dir='ltr'><em>τῶν</em></span> <span class='ocrx_word' id='word_1_179' title='bbox 1603 1983 1785 2034; x_wconf 75' lang='grc' dir='ltr'><em>ἄλλων</em></span> 
     </span>
     <span class='ocr_line' id='line_1_23' title="bbox 100 2065 1786 2137; baseline 0.002 -19"><span class='ocrx_word' id='word_1_180' title='bbox 100 2065 405 2120; x_wconf 80' lang='grc' dir='ltr'><em>ἀκούσεσθε</em></span> <span class='ocrx_word' id='word_1_181' title='bbox 437 2068 611 2129; x_wconf 86' lang='grc' dir='ltr'><em>πάσας</em></span> <span class='ocrx_word' id='word_1_182' title='bbox 646 2069 739 2130; x_wconf 79' lang='grc' dir='ltr'><em>τὰς</em></span> <span class='ocrx_word' id='word_1_183' title='bbox 779 2067 1060 2135; x_wconf 88' lang='grc' dir='ltr'><em>ἀληθειάς·</em></span> <span class='ocrx_word' id='word_1_184' title='bbox 1103 2068 1321 2121; x_wconf 85' lang='grc' dir='ltr'><em>τουτονὶ</em></span> <span class='ocrx_word' id='word_1_185' title='bbox 1363 2070 1464 2137; x_wconf 76' lang='grc' dir='ltr'><em>γὰρ</em></span> <span class='ocrx_word' id='word_1_186' title='bbox 1508 2066 1548 2121; x_wconf 81' lang='grc' dir='ltr'><strong>ὦ</strong></span> <span class='ocrx_word' id='word_1_187' title='bbox 1589 2071 1786 2137; x_wconf 73' lang='grc' dir='ltr'><em>ἄνδρες</em></span> 
     </span>
     <span class='ocr_line' id='line_1_24' title="bbox 102 2154 1786 2227; baseline 0.002 -20"><span class='ocrx_word' id='word_1_188' title='bbox 102 2155 349 2208; x_wconf 77' lang='grc' dir='ltr'><em>δικασταὶ</em></span> <span class='ocrx_word' id='word_1_189' title='bbox 399 2159 714 2209; x_wconf 90' lang='grc' dir='ltr'><em>Φαίνιππον</em></span> <span class='ocrx_word' id='word_1_190' title='bbox 762 2154 1011 2225; x_wconf 78' lang='grc' dir='ltr'><em>εὑρήσετ’</em></span> <span class='ocrx_word' id='word_1_191' title='bbox 1069 2157 1239 2219; x_wconf 85' lang='grc' dir='ltr'><em>εὐθὺς</em></span> <span class='ocrx_word' id='word_1_192' title='bbox 1286 2157 1390 2210; x_wconf 89' lang='grc' dir='ltr'><em>ἀπὸ</em></span> <span class='ocrx_word' id='word_1_193' title='bbox 1441 2166 1532 2226; x_wconf 83' lang='grc' dir='ltr'><em>τῆς</em></span> <span class='ocrx_word' id='word_1_194' title='bbox 1571 2160 1786 2227; x_wconf 85' lang='grc' dir='ltr'><em>πρώτης</em></span> 
     </span>
     <span class='ocr_line' id='line_1_25' title="bbox 100 2234 1777 2315; baseline 0.003 -21"><span class='ocrx_word' id='word_1_195' title='bbox 100 2234 301 2310; x_wconf 78' lang='grc' dir='ltr'><em>ἡμέρας</em></span> <span class='ocrx_word' id='word_1_196' title='bbox 339 2243 647 2311; x_wconf 81' lang='grc' dir='ltr'><em>ἀρξάμενον</em></span> <span class='ocrx_word' id='word_1_197' title='bbox 686 2253 784 2297; x_wconf 83' lang='grc' dir='ltr'><em>τοῦ</em></span> <span class='ocrx_word' id='word_1_198' title='bbox 825 2241 996 2312; x_wconf 72' lang='grc' dir='ltr'><em>μηδὲν</em></span> <span class='ocrx_word' id='word_1_199' title='bbox 1039 2247 1254 2298; x_wconf 78' lang='grc' dir='ltr'><em>δίκαιον</em></span> <span class='ocrx_word' id='word_1_200' title='bbox 1294 2256 1488 2298; x_wconf 82' lang='grc' dir='ltr'><em>ποιεῖν.</em></span> <span class='ocrx_word' id='word_1_201' title='bbox 1551 2261 1777 2315; x_wconf 87' lang='grc' dir='ltr'><em>παρεση-</em></span> 
     </span>
     <span class='ocr_line' id='line_1_26' title="bbox 99 2332 1783 2402; baseline 0.004 -19"><span class='ocrx_word' id='word_1_202' title='bbox 99 2333 356 2400; x_wconf 82' lang='grc' dir='ltr'><em>μηνάμην</em></span> <span class='ocrx_word' id='word_1_203' title='bbox 395 2332 458 2383; x_wconf 83' lang='grc' dir='ltr'><em>τὰ</em></span> <span class='ocrx_word' id='word_1_204' title='bbox 500 2334 783 2400; x_wconf 75' lang='grc' dir='ltr'><em>οἰκήματα,</em></span> <span class='ocrx_word' id='word_1_205' title='bbox 831 2342 929 2385; x_wconf 87' lang='grc' dir='ltr'><em>τοῦ</em></span> <span class='ocrx_word' id='word_1_206' title='bbox 976 2337 1153 2401; x_wconf 89' lang='grc' dir='ltr'><em>νόμου</em></span> <span class='ocrx_word' id='word_1_207' title='bbox 1193 2354 1285 2402; x_wconf 90' lang='grc' dir='ltr'><em>μοι</em></span> <span class='ocrx_word' id='word_1_208' title='bbox 1327 2336 1649 2397; x_wconf 78' lang='grc' dir='ltr'><em>δεδωκότος·</em></span> <span class='ocrx_word' id='word_1_209' title='bbox 1691 2332 1783 2389; x_wconf 86' lang='grc' dir='ltr'><em>οὗ-</em></span> 
     </span>
     <span class='ocr_line' id='line_1_27' title="bbox 99 2418 1782 2492; baseline 0.003 -21"><span class='ocrx_word' id='word_1_210' title='bbox 99 2439 189 2482; x_wconf 89' lang='grc' dir='ltr'><em>τος</em></span> <span class='ocrx_word' id='word_1_211' title='bbox 226 2418 442 2491; x_wconf 77' lang='grc' dir='ltr'><em>ἀνέῳξε.</em></span> <span class='ocrx_word' id='word_1_212' title='bbox 505 2418 593 2471; x_wconf 87' lang='grc' dir='ltr'><em>καὶ</em></span> <span class='ocrx_word' id='word_1_213' title='bbox 633 2422 693 2474; x_wconf 81' lang='grc' dir='ltr'><em>τὸ</em></span> <span class='ocrx_word' id='word_1_214' title='bbox 734 2418 833 2487; x_wconf 72' lang='grc' dir='ltr'><em>μὲν</em></span> <span class='ocrx_word' id='word_1_215' title='bbox 875 2420 1098 2488; x_wconf 78' lang='grc' dir='ltr'><em>ἀφελεῖν</em></span> <span class='ocrx_word' id='word_1_216' title='bbox 1138 2424 1197 2475; x_wconf 92' lang='grc' dir='ltr'><em>τὸ</em></span> <span class='ocrx_word' id='word_1_217' title='bbox 1240 2433 1467 2490; x_wconf 84' lang='grc' dir='ltr'><em>σημεῖον</em></span> <span class='ocrx_word' id='word_1_218' title='bbox 1509 2423 1782 2492; x_wconf 58' lang='grc' dir='ltr'><em>ὁμολογεῖ,</em></span> 
     </span>
     <span class='ocr_line' id='line_1_28' title="bbox 98 2504 1781 2580; baseline 0.003 -21"><span class='ocrx_word' id='word_1_219' title='bbox 98 2509 158 2560; x_wconf 87' lang='grc' dir='ltr'><em>τὸ</em></span> <span class='ocrx_word' id='word_1_220' title='bbox 199 2504 252 2559; x_wconf 82' lang='grc' dir='ltr'><em>δ’</em></span> <span class='ocrx_word' id='word_1_221' title='bbox 299 2507 511 2570; x_wconf 80' lang='grc' dir='ltr'><em>ἀνοῖξαι</em></span> <span class='ocrx_word' id='word_1_222' title='bbox 551 2508 651 2575; x_wconf 82' lang='grc' dir='ltr'><em>τὴν</em></span> <span class='ocrx_word' id='word_1_223' title='bbox 690 2509 875 2576; x_wconf 80' lang='grc' dir='ltr'><em>θύραν</em></span> <span class='ocrx_word' id='word_1_224' title='bbox 917 2509 1016 2577; x_wconf 84' lang='grc' dir='ltr'><em>οὐχ</em></span> <span class='ocrx_word' id='word_1_225' title='bbox 1058 2509 1340 2577; x_wconf 80' lang='grc' dir='ltr'><em>ὁμολογεῖ,</em></span> <span class='ocrx_word' id='word_1_226' title='bbox 1368 2511 1570 2580; x_wconf 73' lang='grc' dir='ltr'><em>’ὥσπερ</em></span> <span class='ocrx_word' id='word_1_227' title='bbox 1612 2513 1781 2565; x_wconf 75' lang='grc' dir='ltr'><em>ἄλλου</em></span> 
     </span>
     <span class='ocr_line' id='line_1_29' title="bbox 97 2593 1784 2669; baseline 0.004 -23"><span class='ocrx_word' id='word_1_228' title='bbox 97 2597 245 2658; x_wconf 90' lang='grc' dir='ltr'><em>τινὸς</em></span> <span class='ocrx_word' id='word_1_229' title='bbox 284 2594 440 2648; x_wconf 81' lang='grc' dir='ltr'><em>ε’νεκα</em></span> <span class='ocrx_word' id='word_1_230' title='bbox 480 2616 544 2648; x_wconf 92' lang='grc' dir='ltr'><em>τα</em></span> <span class='ocrx_word' id='word_1_231' title='bbox 586 2593 763 2663; x_wconf 81' lang='grc' dir='ltr'><em>σημεῖ’</em></span> <span class='ocrx_word' id='word_1_232' title='bbox 811 2595 1206 2664; x_wconf 75' lang='grc' dir='ltr'><em>ἀφαιροῦντας,</em></span> <span class='ocrx_word' id='word_1_233' title='bbox 1255 2620 1287 2666; x_wconf 91' lang='grc' dir='ltr'><em>η</em></span> <span class='ocrx_word' id='word_1_234' title='bbox 1336 2604 1433 2652; x_wconf 89' lang='grc' dir='ltr'><em>τοῦ</em></span> <span class='ocrx_word' id='word_1_235' title='bbox 1473 2600 1566 2661; x_wconf 80' lang='grc' dir='ltr'><em>τὰς</em></span> <span class='ocrx_word' id='word_1_236' title='bbox 1604 2606 1784 2669; x_wconf 79' lang='grc' dir='ltr'><em>θύρας</em></span> 
     </span>
     <span class='ocr_line' id='line_1_30' title="bbox 53 2673 1780 2756; baseline 0.003 -21"><span class='ocrx_word' id='word_1_237' title='bbox 53 2697 73 2728; x_wconf 83' lang='grc'><strong>9</strong></span> <span class='ocrx_word' id='word_1_238' title='bbox 98 2673 325 2746; x_wconf 82' lang='grc' dir='ltr'><em>ἀνοῖξαι.</em></span> <span class='ocrx_word' id='word_1_239' title='bbox 390 2682 552 2736; x_wconf 77' lang='grc' dir='ltr'><em>ἔπειτ’</em></span> <span class='ocrx_word' id='word_1_240' title='bbox 602 2684 833 2737; x_wconf 77' lang='grc' dir='ltr'><em>ἀπεῖπον</em></span> <span class='ocrx_word' id='word_1_241' title='bbox 874 2686 973 2753; x_wconf 81' lang='grc' dir='ltr'><em>τὴν</em></span> <span class='ocrx_word' id='word_1_242' title='bbox 1012 2686 1152 2753; x_wconf 91' lang='grc' dir='ltr'><em>ύλην</em></span> <span class='ocrx_word' id='word_1_243' title='bbox 1193 2687 1264 2754; x_wconf 90' lang='grc' dir='ltr'><em>μὴ</em></span> <span class='ocrx_word' id='word_1_244' title='bbox 1308 2686 1540 2754; x_wconf 80' lang='grc' dir='ltr'><em>ἐξάγειν·</em></span> <span class='ocrx_word' id='word_1_245' title='bbox 1592 2686 1780 2756; x_wconf 59' lang='lat' dir='ltr'><em>e’gv‘y‘yev</em></span> 
     </span>
     <span class='ocr_line' id='line_1_31' title="bbox 97 2767 1779 2845; baseline 0.003 -22"><span class='ocrx_word' id='word_1_246' title='bbox 97 2767 258 2833; x_wconf 82' lang='grc' dir='ltr'><em>οὗτος</em></span> <span class='ocrx_word' id='word_1_247' title='bbox 307 2768 516 2834; x_wconf 82' lang='grc' dir='ltr'><em>ἁπάσας</em></span> <span class='ocrx_word' id='word_1_248' title='bbox 566 2792 658 2834; x_wconf 87' lang='grc' dir='ltr'><em>τας</em></span> <span class='ocrx_word' id='word_1_249' title='bbox 719 2771 951 2840; x_wconf 79' lang='grc' dir='ltr'><em>ημέρας,</em></span> <span class='ocrx_word' id='word_1_250' title='bbox 1001 2774 1144 2841; x_wconf 91' lang='grc' dir='ltr'><em>πλὴν</em></span> <span class='ocrx_word' id='word_1_251' title='bbox 1211 2774 1418 2843; x_wconf 81' lang='grc' dir='ltr'><em>ἐκείνης</em></span> <span class='ocrx_word' id='word_1_252' title='bbox 1470 2775 1553 2828; x_wconf 88' lang='grc' dir='ltr'><em>ἐν</em></span> <span class='ocrx_word' id='word_1_253' title='bbox 1587 2770 1621 2845; x_wconf 74' lang='grc' dir='ltr'><em>ᾗ</em></span> <span class='ocrx_word' id='word_1_254' title='bbox 1675 2775 1779 2844; x_wconf 84' lang='grc' dir='ltr'><em>ἐγὼ</em></span> 
     </span>
     <span class='ocr_line' id='line_1_32' title="bbox 95 2857 1778 2935; baseline 0.004 -26"><span class='ocrx_word' id='word_1_255' title='bbox 95 2857 342 2913; x_wconf 78' lang='grc' dir='ltr'><em>ἀπεῖπον.</em></span> <span class='ocrx_word' id='word_1_256' title='bbox 403 2857 573 2929; x_wconf 83' lang='grc' dir='ltr'><em>χρέως</em></span> <span class='ocrx_word' id='word_1_257' title='bbox 606 2858 730 2913; x_wconf 79' lang='grc' dir='ltr'><em>οὐδ’</em></span> <span class='ocrx_word' id='word_1_258' title='bbox 778 2860 966 2913; x_wconf 88' lang='grc' dir='ltr'><em>ὁτιοῦν</em></span> <span class='ocrx_word' id='word_1_259' title='bbox 1008 2860 1258 2929; x_wconf 84' lang='grc' dir='ltr'><em>ὠφείλετ’</em></span> <span class='ocrx_word' id='word_1_260' title='bbox 1306 2862 1391 2915; x_wconf 87' lang='grc' dir='ltr'><em>ἐπὶ</em></span> <span class='ocrx_word' id='word_1_261' title='bbox 1431 2871 1496 2933; x_wconf 78' lang='grc' dir='ltr'><em>τῇ</em></span> <span class='ocrx_word' id='word_1_262' title='bbox 1536 2863 1778 2935; x_wconf 83' lang='grc' dir='ltr'><em>ἐσχατιᾶ·</em></span> 
     </span>
     <span class='ocr_line' id='line_1_33' title="bbox 95 2938 1777 3019; baseline 0.004 -21"><span class='ocrx_word' id='word_1_263' title='bbox 95 2938 200 2999; x_wconf 79' lang='grc' dir='ltr'><em>νῦν</em></span> <span class='ocrx_word' id='word_1_264' title='bbox 231 2942 390 3008; x_wconf 79' lang='grc' dir='ltr'><em>οὗτος</em></span> <span class='ocrx_word' id='word_1_265' title='bbox 422 2947 714 3013; x_wconf 85' lang='grc' dir='ltr'><em>ἀποφαίνει</em></span> <span class='ocrx_word' id='word_1_266' title='bbox 746 2950 935 3001; x_wconf 89' lang='grc' dir='ltr'><em>πολλά.</em></span> <span class='ocrx_word' id='word_1_267' title='bbox 1000 2948 1181 3011; x_wconf 80' lang='grc' dir='ltr'><em>ἁπλῶς</em></span> <span class='ocrx_word' id='word_1_268' title='bbox 1212 2961 1361 3003; x_wconf 87' lang='grc' dir='ltr'><em>ποιεῖ</em></span> <span class='ocrx_word' id='word_1_269' title='bbox 1395 2951 1424 3003; x_wconf 82' lang='grc' dir='ltr'>ὅ</span> <span class='ocrx_word' id='word_1_270' title='bbox 1465 2972 1514 3003; x_wconf 90' lang='grc' dir='ltr'><em>τι</em></span> <span class='ocrx_word' id='word_1_271' title='bbox 1549 2951 1616 3003; x_wconf 77' lang='grc' dir='ltr'><em>ἂν</em></span> <span class='ocrx_word' id='word_1_272' title='bbox 1648 2954 1777 3019; x_wconf 82' lang='grc' dir='ltr'><em>βού-</em></span> 
     </span>
    </p>
   </div>
  </div>
 </body>
</html>
