2035 3158
83 1123 122 1155 11

82 1827 123 1858 12

735 160 891 202 ΚΑΤΑ
925 159 1230 202 ΚΟΝΩΝΟΣ.
1719 157 1778 210 2]
1794 158 1829 209 3

149 295 362 365 μακρὰν
399 297 670 365 φεροίμην
709 290 883 347 οἴκαδ’
924 291 982 346 ἐκ
1012 299 1110 346 τοῦ
1146 295 1461 362 βαλανείου,
1502 291 1680 365 ἐδόκει
1719 299 1836 355 τοῖς

148 389 422 452 παροῦσιν
461 382 533 444 ὡς
570 383 667 435 τὸν
706 381 949 434 Μειδίαν
998 380 1212 449 ἐκείνην
1259 380 1359 448 τὴν
1408 378 1640 448 ἑσπέραν
1679 382 1830 449 κομί-

150 484 268 539 σαι,
320 467 410 522 καὶ
466 468 726 537 ἐποίησαν
780 467 938 521 οὕτω.
1016 465 1139 536 λάβ’
1183 462 1283 520 οὖν
1339 465 1426 519 καὶ
1481 469 1574 531 τὰς
1619 469 1831 521 τούτων

150 561 465 627 μαρτυρίας,
514 554 587 610 ἵν’
644 546 824 625 εἰδῆθ’
882 555 964 609 ὅτι
1015 554 1209 609 πολλοὶ
1260 559 1550 608 συνίσασιν
1602 556 1674 619 ὡς
1723 555 1830 609 ὑπὸ

149 645 360 699 τούτων
399 644 694 714 ὑβρίσθην.

176 733 188 742 ’
818 739 1156 780 MAPTTPIAI.

259 833 519 905 Aassbcffi
559 833 648 888 καὶ
688 836 787 903 τὴν
827 843 925 887 τοῦ
965 837 1155 903 ἰατροῦ
1195 837 1515 905 μαρτυρίαν.

833 996 1149 1037 ΜΑΡΤΤΡΙΑ.

267 1095 398 1146 Τότε
447 1088 548 1160 μὲν
594 1093 785 1144 τοίνυν
830 1090 1138 1162 παραχρῆμ’
1181 1093 1286 1146 ὑπὸ
1334 1102 1442 1146 τῶν
1488 1097 1714 1161 πληγῶν
1753 1088 1831 1146 ὧν

150 1182 350 1248 ἔλαβον
398 1177 487 1232 καὶ
534 1184 628 1246 τῆς
682 1178 892 1247 ὕβρεως
947 1179 1088 1232 οὕτω
1146 1179 1429 1249 διετέθην,
1474 1171 1555 1243 >ὡς
1609 1180 1830 1235 ἀκούετε

147 1265 237 1320 καὶ
277 1267 679 1336 μεμαρτύρηται
718 1266 864 1334 παρὰ
896 1267 1116 1318 πάντων
1149 1267 1281 1335 ὑμῖν
1320 1276 1431 1320 τῶν
1471 1267 1643 1332 εὐθὺς
1681 1271 1830 1325 ἰδόν-

147 1375 272 1408 των.
334 1355 465 1423 μετὰ
512 1362 680 1407 ταῦτα
728 1350 788 1405 δὲ
835 1363 943 1406 τῶν
992 1352 1092 1422 μὲν
1140 1355 1452 1424 οἰδημάτων
1499 1365 1609 1410 τῶν
1656 1356 1717 1411 ἐν
1755 1367 1829 1431 τῷ

146 1443 420 1515 προσώπῳ
460 1439 548 1494 καὶ
589 1449 698 1494 τῶν
747 1440 946 1510 ἑλκῶν,
995 1439 1161 1495 οὐδὲν
1210 1445 1311 1512 ἔφη
1360 1447 1659 1513 φοβεῖσθαι
1705 1450 1830 1500 λίαν

148 1530 177 1583 ὁ
219 1532 420 1599 ἰατρός,
459 1527 683 1599 πυρετοὶ
717 1526 777 1581 δὲ
817 1532 1283 1599 παρηκολούθουν
1324 1552 1415 1600 μοι
1457 1543 1704 1603 συνεχεῖς
1741 1534 1832 1587 καὶ

147 1617 460 1687 ἀλγήματα,
510 1618 644 1671 ὅλου
695 1615 795 1686 μὲν
847 1627 945 1671 τοῦ
993 1619 1238 1687 σώματος
1284 1620 1428 1673 πάνυ
1478 1623 1694 1691 σφοδρὰ
1740 1621 1832 1675 καὶ

147 1706 333 1774 δεινά,
382 1705 611 1774 μάλιστα
664 1703 723 1758 δὲ
774 1715 882 1758 τῶν
932 1710 1185 1776 πλευρῶν
1236 1707 1327 1761 καὶ
1365 1718 1464 1763 τοῦ
1502 1711 1702 1781 ἤτρου,
1738 1709 1830 1764 καὶ

148 1803 256 1847 τῶν
296 1795 484 1847 σιτίων
523 1792 929 1862 ἀπεκεκλείμην.
1000 1793 1090 1847 καὶ
1138 1795 1210 1857 ὡς
1257 1793 1356 1864 μὲν
1405 1797 1433 1850 ὁ
1475 1799 1658 1868 ἰατρὸς
1706 1801 1830 1869 ἔφη,

146 1883 197 1934 εἰ
247 1882 319 1950 μὴ
374 1881 642 1950 κάθαρσις
697 1883 920 1950 αἳματος
975 1883 1249 1952 αὐτομάτη
1305 1905 1397 1952 μοι
1452 1886 1599 1939 πάνυ
1653 1890 1827 1956 πολλὴ

147 1967 349 2038 συνέβη
388 1970 711 2042 περιωδύνῳ
744 1967 790 2022 τ’
837 1971 954 2022 ὄντι
996 1970 1085 2023 καὶ
1125 1970 1518 2042 ἀπορουμένων
1558 1976 1683 2044 ἤδη,
1722 1975 1825 2029 κᾶν

111 2060 348 2127 .ε”μπυος
395 2060 691 2126 γενόμενος
739 2058 1070 2128 διεφθάρην·
1113 2067 1218 2113 νῦν
1267 2057 1326 2113 δὲ
1365 2060 1511 2114 τοῦτ’
1559 2065 1727 2116 ἔσωσε
1765 2066 1878 2118 τὸ

83 2681 122 2713 13

147 2139 258 2214 αἷμ’
302 2144 680 2214 ἀποχωρῆσαν.
744 2145 817 2208 ὡς
856 2141 957 2198 οὗν
997 2145 1087 2198 καὶ
1126 2145 1275 2200 ταῦτ’
1319 2147 1499 2219 ἀληθῆ
1541 2149 1700 2220 λέγω,
1736 2150 1829 2206 καὶ

146 2231 607 2303 παρηκολούθησέ
634 2253 726 2302 μοι
758 2235 979 2302 τοιαύτη
1020 2237 1185 2297 νόσος
1225 2235 1277 2299 ἐξ
1318 2232 1380 2305 ἧς
1419 2240 1494 2301 εἰς
1525 2239 1825 2310 τοῦσχατον

148 2317 353 2389 ἦλθον,
392 2319 446 2384 ἐξ
487 2316 564 2373 ὧν
602 2320 710 2375 ὑπὸ
749 2322 961 2374 τούτων
1009 2325 1209 2390 ἔλαβον
1255 2329 1509 2393 πληγῶν,
1557 2326 1679 2396 λέγε
1725 2330 1823 2399 τὴν

146 2417 244 2463 τοῦ
285 2411 475 2479 ἰατροῦ
514 2413 816 2480 μαρτυρίαν
855 2408 945 2463 καὶ
983 2412 1084 2479 τὴν
1125 2421 1234 2464 τῶν
1275 2412 1735 2469 ἐπισκοπούντων.

814 2572 1152 2617 MAPTTPIAI.

242 2663 360 2718 Ὅτι
392 2663 493 2735 μὲν
523 2670 714 2721 τοίνυν
746 2667 812 2721 οὐ
844 2673 1063 2738 μετρίας
1093 2672 1244 2734 τινὰς
1264 2656 1363 2724 ’καὶ
1395 2673 1607 2741 φαύλας
1639 2676 1822 2743 λαβὼν

145 2753 380 2822 πληγάς,
425 2752 547 2807 ἀλλ’
591 2757 668 2818 εἰς
711 2763 821 2808 πᾶν
869 2755 1051 2810 ἐλθὼν
1100 2758 1191 2811 διὰ
1239 2760 1337 2827 τὴν
1385 2760 1548 2829 ὕβριν
1594 2760 1683 2815 καὶ
1724 2764 1821 2822 τὴν

149 2839 434 2909 ἀσέλγειαν
473 2843 573 2911 τὴν
611 2844 847 2912 τούτων,
887 2848 1027 2898 πολὺ
1067 2853 1159 2915 τῆς
1202 2850 1583 2918 προσηκούσης
1621 2849 1820 2904 ἐλάττω

80 2975 87 2978 .
145 2929 305 2997 δίκην
355 2934 571 3000 εἴληχα,
620 2934 967 3001 πολλαχόθεν
1017 2936 1216 3002 νομίζω
1276 2936 1445 3003 δῆλον
1492 2937 1625 3006 ὑμῖν
1671 2957 1821 3007 γεγε·-

1851 2352 1954 2390 1261
