2035 3158
106 534 145 564 16

171 117 277 175 140
626 124 830 164 mmuh
877 110 1310 179 [ΔῐιιιοΣΘι-Νοῖ
1323 122 1362 161 Σ
1368 127 1382 174 ,1

169 252 236 310 οὗ
276 258 455 324 ἔλεγες
491 257 627 325 πρὸς
664 256 792 317 τοὺς
831 254 1086 316 δικαστὰς
1124 252 1207 306 ὅτι
1248 252 1530 314 ἐδάνεισάς
1567 269 1687 320 μοι,
1724 251 1848 304 τούὲ

170 364 279 397 των
318 341 485 397 οὐδὲν
526 343 804 411 ἐποίησαςς
852 342 986 394 ὥστε
1033 350 1145 403 πῶς
1191 340 1260 394 ἂν
1307 344 1517 410 μᾶλλον
1555 339 1850 408 ἄνθρωπος

170 430 503 502 ἐξελέγχοιτο
560 432 901 499 ψευδόμενος
949 427 1040 482 καὶ
1096 428 1395 482 ὑπεναντία
1433 425 1629 495 λέγων
1688 425 1850 488 αὐτὸς

170 519 316 590 αὑτῷ
365 516 454 571 καὶ
501 518 818 586 αἰτιώμενος
866 517 931 570 τὰ
988 516 1334 570 οὐδεπώποτε
1380 517 1671 583 γενόμενα,
1720 511 1750 566 ὃ
1790 508 1851 565 δὲ

168 607 389 659 πάντων
429 605 685 674 μέγιστόν
717 604 865 658 ἐστιν
898 600 939 657 ὦ
973 605 1168 673 ἄνδρες
1201 605 1468 670 δικασταί,
1508 596 1550 674 ᾧ
1584 598 1674 654 καὶ
1712 601 1982 668 γνῶ-1189

171 698 337 746 σεσθε
376 702 573 746 τοῦτο-ν
614 692 697 745 ὅτι
737 694 925 754 ἄδικός
973 691 1087 744 ε’στι
1133 689 1223 744 καὶ
1268 688 1595 758 πλεονέκτης
1633 690 1851 758 ἅνθρω-

169 796 289 843 πος·
343 780 507 850 ἐχρῆν
562 780 665 850 γὰρ
722 779 914 848 αὐτὸν,
977 785 1033 832 εἴ
1078 799 1130 832 τι
1183 774 1385 846 ἀληθὲς
1438 773 1507 845 ἦν
1562 770 1639 828 ὧν
1690 773 1853 844 λέγει,

169 871 438 938 πρότερον
499 875 666 920 ταῦτα
729 865 908 935 λέγειν
970 864 1060 919 καὶ
1123 865 1513 932 ἐπιδεικνύειν,
1572 861 1703 934 πρὶν
1756 865 1852 916 τὸν

171 955 357 1023 ἀγῶνα
397 955 657 1023 γενέσθαι
688 953 779 1008 καὶ
812 957 1236 1024 διαπειραθῆναι
1275 962 1385 1006 τῶν
1426 954 1696 1006 δικαστῶν
1735 950 1764 1004 ὅ
1801 970 1853 1004 τι

172 1044 498 1111 γνώσονται,
537 1041 625 1096 καὶ
657 1045 1044 1113 παραλαβόντα
1075 1044 1314 1104 πολλοὺς
1346 1040 1622 1110 μάρτυρας
1661 1038 1852 1103 ἀξιοῦν

172 1135 521 1202 ἀναιρεῖσθαι
576 1132 670 1193 τὰς
725 1133 1006 1200 συνθήκας
1066 1131 1211 1199 παρὰ
1265 1137 1364 1182 τοῦ
1412 1127 1854 1197 Ἀνδροκλείδου,
1998 1086 2035 1203 ηξ

173 1220 244 1282 ὡς
281 1220 718 1288 παραβαίνοντος
759 1218 893 1287 ἐμοῦ
933 1216 1022 1270 καὶ
1061 1217 1323 1270 τάναντία
1361 1217 1693 1286 πράττοντος
1732 1213 1855 1268 ἑαυ-

171 1314 245 1380 τῷ
285 1305 374 1359 καὶ
415 1305 595 1359 οὐκέτι
633 1310 841 1374 κυρίων
889 1306 1071 1359 οὐσῶν
1112 1315 1221 1358 τῶν
1271 1310 1566 1373 συνθηκῶν
1606 1301 1727 1372 ἐμοὶ
1765 1300 1855 1356 καὶ

173 1396 364 1468 τούτῳ,
411 1392 500 1447 καὶ
547 1401 620 1465 τῷ
663 1392 1050 1464 Ἀνδροκλείδῃ
1097 1401 1170 1465 τῷ
1213 1395 1391 1464 ἔχοντι
1437 1392 1530 1455 τὰς
1575 1393 1856 1460 συνθήκας

173 1482 679 1551 διαμαρτύρασθαι,
741 1482 824 1534 ὅτι
878 1482 1022 1554 αὐτῷ
1080 1479 1245 1535 οὐδέν
1301 1480 1448 1533 ε’στιν
1504 1482 1581 1533 ἔτι
1634 1486 1855 1549 πρᾶγμα

131 1589 147 1619 τ
173 1572 308 1640 πρὸς
345 1571 439 1632 τὰς
479 1572 760 1638 συνθήκας
798 1571 1008 1632 ταύτας.
1070 1567 1218 1623 ταῦτ’
1267 1568 1431 1639 ἐχρῆν
1470 1568 1638 1621 αὐτὸν
1677 1563 1720 1620 ὦ
1760 1568 1855 1620 ἄν·
2028 1579 2035 1653 ff

174 1661 298 1728 δρες
330 1660 597 1726 δικασταί,
636 1663 785 1727 εἴπερ
832 1677 882 1710 τι
913 1654 983 1725 ἧν
1017 1654 1218 1725 ἄληθες
1251 1652 1327 1709 ὧν
1360 1655 1522 1724 λέγει,
1560 1654 1650 1709 καὶ
1682 1658 1855 1725 μόνον

174 1749 470 1816 προσιόντα
515 1753 590 1818 τῷ
633 1744 1020 1815 Ἀνδροκλείδῃ
1070 1745 1539 1814 διαμαρτύρεσθαι
1585 1742 1674 1797 καὶ
1724 1744 1855 1812 μετὰ

174 1835 465 1904 μαρτύρων
515 1838 765 1903 πολλῶν,
819 1831 890 1886 ἵν’
939 1833 1084 1905 αὐτῷ
1137 1830 1331 1885 πολλοὶ
1382 1827 1522 1900 ἦσαν
1572 1832 1630 1886 oc
1676 1846 1856 1885 συνει-

176 1925 343 1984 δότες.
407 1921 491 1974 ὅτι
532 1919 591 1974 δὲ
630 1922 842 1975 τούτων
892 1917 1060 1974 οὐδὲν
1106 1918 1308 1973 πώποτ’
1357 1919 1637 1989 ἐποίησεν,
1684 1920 1856 1974 αὐτοῦ

176 2011 307 2078 ὑμῖν
357 2018 456 2063 τοῦ
499 2007 955 2079 Ἀνδροκλείδου,
1004 2005 1130 2078 παρ’
1185 2001 1226 2080 ᾧ
1283 2009 1424 2060 εἰσιν
1474 2007 1536 2061 αἱ
1580 2013 1854 2076 συνθῆκαι

175 2102 438 2168 κείμεναι,
469 2101 775 2168 μαρτυρίαν
808 2097 1197 2166 ἀναγνώσεται.
1252 2095 1373 2164 λέγε
1405 2096 1505 2165 τὴν
1537 2099 1855 2166 μαρτυρίαν.

863 2258 1177 2300 ΜΑΡΤΤΡΙΑ.

274 2362 500 2431 ΓἙτερον
542 2361 592 2416 δ’
639 2359 680 2416 ὦ
729 2364 927 2432 ἄνδρες
973 2359 1222 2414 δικασταὶ
1271 2358 1547 2425 σκέψασθε
1594 2359 1625 2414 ὃ
1672 2357 1855 2413 διαπέ-

174 2470 420 2520 πρακται.
485 2450 589 2518 ἐγὼ
630 2451 733 2519 γὰρ
780 2458 976 2504 τοῦτον
1021 2448 1477 2517 προύκαλεσάμην
1524 2446 1613 2501 καὶ
1651 2447 1856 2516 ἠξίωσα

176 2540 552 2607 ἀκολουθῆσαι
614 2539 686 2601 ὡς
734 2536 1194 2607 Ἀνδροκλείδην,
1254 2534 1380 2605 παρ’
1443 2530 1485 2608 ᾧ
1538 2545 1746 2589 κεῖνται
1800 2537 1862 2588 αἱ

177 2633 470 2695 συνθῆκαι,
509 2625 598 2679 καὶ
637 2635 793 2695 κοινῇ
842 2624 1286 2695 ἐκγραψαμένους
1330 2624 1469 2692 ἡμᾶς
1515 2624 1609 2686 τὰς
1648 2625 1855 2692 συνθή-

177 2736 273 2778 κας
317 2715 483 2768 πάλιν
534 2717 912 2783 σημήνασθαι,
957 2714 1021 2766 τὰ
1071 2710 1119 2766 δ’
1167 2712 1473 2782 ἀντίγραφα
1521 2710 1856 2780 ἐμβαλέσθαι

177 2805 254 2865 εἰς
284 2804 380 2857 τὸν
414 2802 615 2873 ἐχῖνον,
656 2802 798 2864 ὅπως
830 2800 898 2854 ἂν
939 2803 1173 2870 μηδεμία
1211 2799 1420 2864 ὑποψία
1454 2793 1508 2870 ᾗ,
1547 2797 1664 2852 ἀλλ’
1703 2798 1857 2868 ὑμεῖς

177 2891 390 2944 ἅπαντα
429 2895 605 2954 καλῶς
643 2889 732 2943 καὶ
781 2891 1002 2953 δικαίως
1048 2888 1379 2950 ἀκούσαντες
1418 2896 1589 2956 γνῶτε
1627 2886 1657 2940 ὄ
1695 2906 1747 2940 τι
1786 2885 1855 2940 ἂν
