2035 3158
0 105 3 213 λ
527 152 687 194 ΚΑΤΑ
718 151 1224 196 οΛΤΜΠῐοΔῼΡοΤ.
1616 149 1717 200 127

38 288 235 357 οἰκείοις
270 286 503 356 γενέσθαι
540 287 626 339 τὸν
662 291 858 354 κλῆρον.
917 288 1274 355 Καλλίστρατος
1314 284 1401 353 μὲν
1440 279 1532 337 οὖν
1572 284 1598 337 6
1636 285 1722 337 τὸν
1743 298 1857 338 1165

0 363 4 397 ³
38 369 185 436 λόγον
213 367 408 419 τουτονὶ
437 367 606 436 λέγων,
647 367 762 418 ὅλον
791 365 877 417 τὸν
908 370 1091 434 κλῆρον
1128 375 1302 418 τοῦτον
1341 366 1497 437 ἑαυτῷ
1537 366 1722 433 προσή-

38 468 144 501 κειν
181 450 356 516 φησίν·
403 448 643 516 ἐγγυτάτω
686 446 778 515 γὰρ
824 446 944 496 κατὰ
991 447 1133 514 γένος
1171 447 1316 508 αὐτὸς
1355 443 1480 497 εἶναι
1517 451 1583 516 τῷ
1621 447 1723 497 Κό-

40 547 178 580 νωνι.
237 528 356 578 ἀλλὰ
385 536 526 579 τοῦτο
559 526 647 593 μὲν
676 523 796 594 τάχ’
791 527 877 578 ἂν
915 528 997 578 καὶ
1027 529 1261 592 ψεύδοιτο
1292 527 1375 578 καὶ
1414 528 1540 598 λόγῳ
1578 547 1723 576 κατα-

0 604 1 638 3
39 615 192 680 χρῷτο
222 613 369 679 ψιλῷ.
425 604 829 708 Ὀλυμπιόδωρος
850 607 919 674 δὲ,
957 609 1081 677 πρὸς
1118 607 1177 661 ὃν
1214 608 1247 675 ἡ
1288 611 1419 675 δίκη,
1458 608 1540 658 καὶ
1578 608 1725 667 αὐτὸς

0 710 17 740 2
40 688 414 756 ἠμφισβήτησεν
458 688 506 749 ἐξ
539 687 707 789 ἀρχῆς
744 697 831 739 τοῦ
869 690 1067 756 κλήρου.
1127 687 1282 755 ηστην
1322 684 1370 738 δ’
1412 689 1573 739 οἰκείω
1614 687 1641 737 ὅ
1676 681 1721 736 τ’

37 767 430 837 Ὀλυμπιόδωρος
473 768 556 820 καὶ
594 769 620 821 6
657 770 1034 836 Καλλίστρατος’
1082 769 1303 835 ἀδελφὴν
1340 769 1431 836 γὰρ
1467 764 1726 833 Ὀλυμπιο·

40 851 202 922 δώρου
253 851 610 917 Καλλίστρατος
660 846 752 917 εἶχε
795 855 1020 917 γυναῖκα.
1094 850 1258 910 ἔδοξεν
1305 844 1395 900 οὖν
1442 850 1608 910 αὐτοῖς
1658 847 1724 913 μὴ

41 931 362 1000 διαφέρεσθαι
391 931 515 998 πρὸς
546 930 801 997 ἀλλήλους,
841 931 959 982 ἀλλὰ
991 933 1284 1031 νείμασθαι
1290 951 1377 996 μεν
1408 930 1455 991 ἐξ
1490 931 1598 994 ἴσης
1635 929 1730 994 τὴν

41 1013 216 1064 οὐσίαν
252 1020 341 1063 τοῦ
379 1011 767 1076 τελευτήσαντος,
807 1013 896 1077 ὅση
936 1013 1127 1079 φανερά
1164 1008 1211 1062 τ’
1255 1006 1317 1078 ἦν
1355 1011 1438 1061 καὶ
1477 1009 1727 1078 ὡμολογη-

24 1093 193 1160 μένη,
235 1102 381 1163 κοινῇ
421 1090 473 1142 δὲ
513 1095 670 1157 ζητεῖν
708 1092 765 1143 τὰ
805 1092 1005 1158 ἀφανῆ,
1052 1092 1134 1143 καὶ
1172 1103 1316 1163 κοινῇ
1355 1094 1579 1159 πράττειν
1617 1111 1727 1158 περι

19 1174 226 1224 Ατούτων
256 1173 440 1223 πάντα·
481 1172 794 1239 προσεδόκων
824 1173 915 1241 γὰρ
946 1175 1081 1239 ἥξειν
1119 1173 1255 1234 τινὰς
1295 1173 1728 1240 ἀμφισβητοῦντας

41 1254 208 1315 αὐτοῖς
238 1262 326 1304 τοῦ
355 1255 555 1320 κλήρου.
617 1253 727 1320 περὶ
756 1254 933 1304 τούτου
972 1254 1054 1304 καὶ
1087 1255 1345 1319 συνθήκας
1385 1255 1606 1322 ἔγραψαν
1645 1254 1728 1304 καὶ

0 1355 18 1387 a
41 1334 302 1386 κατέθεντο
341 1329 458 1400 παρ’
508 1329 873 1405 Ἀνδροκλείδῃ,
921 1337 1048 1406 φίλῳ
1086 1335 1182 1385 τινὶ
1220 1341 1386 1405 κοινῷ.
1448 1333 1638 1400 οἰκέτης
1676 1329 1727 1384 δ’

42 1411 106 1482 ἦν
142 1416 380 1477 Κόνωνος
412 1416 671 1482 Μοσχίων,
709 1417 842 1466 πάνυ
881 1417 1050 1477 πιστὸς
1089 1416 1256 1487 ἐκείνῳ
1295 1418 1565 1482 νομισθείς.
1615 1424 1726 1466 τοῦ·

39 1516 128 1548 τον
161 1491 556 1563 Ὀλυμπιόδωρος
586 1497 837 1562 λαμβάνει,
873 1495 957 1547 καὶ
989 1496 1320 1563 διαβληθέντα
1349 1498 1502 1564 χιλίας
1532 1497 1727 1567 ὑφῃρῆ-

43 1584 166 1628 σθαι
211 1580 323 1627 τοῦ’
343 1577 582 1638 Κόνωνος
631 1578 848 1644 δραχμὰς
892 1580 1139 1645 βασανίζει
1189 1578 1304 1645 μετὰ
1350 1579 1729 1644 Καλλιστράτου.

41 1658 124 1715 καὶ
155 1657 222 1720 ὥς
254 1650 565 1726 ὡμολόγησεν
597 1657 623 1709 6
655 1658 843 1724 οἰκέτης
873 1660 926 1710 τὸ
961 1659 1213 1726 ἀργύριον,
1251 1662 1443 1725 νέμεται
1474 1666 1556 1708 καὶ
1587 1668 1732 1709 τοῦτο

41 1740 165 1808 πρὸς
210 1739 294 1790 τὸν
330 1741 692 1806 Καλλίστρατον
736 1739 857 1789 κατὰ
901 1739 987 1800 τὰς
1036 1740 1294 1804 συνθήκας
1332 1739 1380 1801 ἐξ
1422 1740 1544 1805 ἴσης.
1605 1738 1728 1793 ὐπο-

42 1822 228 1887 νοήσας
259 1818 312 1871 δὲ
342 1819 424 1871 καὶ
453 1821 684 1881 πλείονας
714 1820 838 1887 ἔχειν
875 1829 1000 1886 μνᾶς
1039 1819 1275 1888 ἀργυρίου
1313 1822 1400 1872 τὸν
1438 1820 1733 1888 ἄνθρωπον,

44 1902 205 1955 οὐκέτι
253 1900 552 1968 παραλαβὼν
599 1901 686 1952 τὸν
722 1903 1085 1969 Καλλίστρατον
1133 1902 1280 1962 αὐτὸς
1326 1903 1599 1968 βασανίζει,
1647 1902 1730 1952 καὶ

0 2001 20 2031 ι
45 1992 170 2050 μνᾶς
202 1981 540 2049 ἑβδομήκοντα
572 1981 807 2047 λαμβάνει
839 1981 1003 2048 μόνος.
1065 1981 1174 2050 περὶ
1213 1981 1264 2032 δὲ
1296 1991 1468 2033 τοῦτον
1498 1983 1583 2033 τὸν
1622 2003 1729 2033 και-

43 2064 132 2133 ρὸν
180 2061 544 2129 ἀμφισβητοῦσι
593 2071 680 2113 τοῦ
736 2063 919 2129 κλήρου
969 2063 1207 2124 Κόνωνος
1256 2063 1338 2113 καὶ
1386 2062 1523 2113 ἄλλοι
1571 2063 1653 2113 καὶ
1702 2062 1733 2114 6

43 2145 254 2212 ἀδελφὸς
292 2142 319 2196 6
355 2143 717 2211 Καλλιστράτου
762 2144 1074 2210 Κάλλιππος,
1121 2143 1414 2212 ὁμοπάτριος
1464 2144 1548 2196 ὤν.
1609 2147 1732 2211 βου·

44 2226 295 2292 λευόμενοι
331 2233 476 2294 κοινῇ
513 2223 622 2291 περὶ
661 2232 759 2274 τῶν
806 2223 1013 2292 ἀγώνων
1047 2220 1441 2293 Ὀλυμπιόδωρος
1477 2224 1560 2275 καὶ
1596 2227 1730 2275 Καλ-

45 2307 293 2374 λίστρατος
340 2305 676 2369 συντίθενται,
721 2304 808 2355 τὸν
847 2303 935 2370 μὲν
970 2300 1365 2373 Ὀλυμπιόδωρον
1403 2305 1731 2372 ἀμφισβητεῖν

47 2387 164 2438 ὅλου
215 2394 304 2438 τοῦ
354 2385 567 2453 κλήρου,
621 2385 708 2435 τὸν
762 2383 815 2435 δὲ
867 2388 1227 2453 Καλλίστρατον
1280 2395 1368 2437 τοῦ
1421 2385 1730 2454 ἡμικληρίου.

47 2465 437 2535 στρατευομένων
491 2461 538 2516 δ’
592 2460 877 2530 Ἀθηναίων
937 2467 1007 2527 εἰς
1063 2462 1389 2535 Ἀκαρνανίαν
1452 2464 1595 2537 ᾤχετο
1648 2466 1730 2517 καὶ
1749 2488 1865 2528 1166

41 2544 454 2615 Ὀλυμπιόδωρος·
501 2540 565 2612 ’ἦν
609 2545 702 2613 γὰρ
747 2555 845 2596 τῶν
890 2545 943 2596 ἐκ
980 2548 1264 2615 καταλόγου.
1339 2557 1426 2614 τῆς
1466 2547 1518 2598 δὲ
1547 2550 1729 2616 κυρίας

47 2629 280 2694 ἐνστάσης
311 2628 364 2678 ot
390 2629 628 2694 δικασταί,
659 2628 910 2692 πρόφασιν
940 2628 1030 2693 τὴν
1063 2631 1312 2696 στρατείαν
1344 2624 1470 2679 εἶναι
1499 2628 1730 2680 πεισθένΟ

47 2728 139 2774 τες,
177 2707 372 2759 ἀνεῖλον
408 2708 561 2759 αὐτοῦ
597 2708 688 2772 τὴν
727 2709 1055 2759 διαδικασίαν·
1097 2710 1173 2760 διό
1213 2724 1337 2774 φησι
1374 2711 1732 2777 Καλλίστρατος

48 2788 131 2839 καὶ
167 2788 563 2851 αὐτὸςέκλιπεῖν
599 2789 691 2854 τὴν
728 2798 815 2840 τοῦ
854 2788 1145 2857 ἡμικληρίου
1185 2791 1355 2856 δίκην,
1393 2797 1499 2852 ταῖς
1538 2792 1731 2856 συνθή·

4 2887 27 2918 5
49 2890 159 2931 καις
195 2868 438 2936 ἐμμένων,
484 2869 650 2936 ἐπειδὴ
696 2880 840 2942 κοινῇ
885 2872 1045 2921 πάντα
1090 2872 1316 2939 πράττειν
1353 2871 1588 2923 ἐκέλευον.
1665 2870 1736 2933 ὡς

51 2945 98 3000 δ’
139 2947 419 3016 ἐπανῆλθεν
457 2949 554 3001 ἀπὸ
593 2959 679 3016 τῆς
718 2953 964 3018 στρατείας
999 2947 1412 3018 Ὀλυμπιόδωρος,
1450 2953 1735 3021 παλινδικίςι
