2035 3158
656 164 814 206 RATA
845 164 1173 206 z’rssQANoT
1205 168 1257 207 A.
1727 163 1804 214 89

117 297 318 366 τύχην,
352 285 390 368 ’ᾗ
429 298 565 366 πρὸς
601 296 745 369 ἡμᾶς,
777 292 1010 369 ἀφίκετ’,
1049 294 1222 366 ἀρχὴν
1263 297 1447 365 λαβὼν
1490 298 1666 364 πάσης
1703 304 1803 363 τῆς

48 400 90 431 ’δῦ
115 393 222 439 νῦν
258 386 538 493 παρούσης
583 372 948 453 εὐδαιμονίας.
1026 383 1233 438 οὐκοῦν
1281 385 1468 438 δεινὸν
1517 380 1558 436 ὦ
1600 391 1668 452 γῆ
1706 382 1797 436 καὶ

39 525 42 527 Α
114 471 239 526 θεοὶ
271 470 362 526 καὶ
392 470 530 544 πέρᾳ
562 473 772 539 δεινοῦ,
802 473 930 534 τοὺς
953 469 1235 540 ’Ἑλληνα
1229 469 1326 524 μὲν
1360 470 1481 525 ἀντὶ
1512 472 1801 540 βαρβάρου

114 562 471 630 ποιήσαντας,
510 561 795 629 γνώριμον
831 557 882 611 δ’
925 557 1040 612 ἀντ’
1088 559 1470 628 ἀνδραπόδου,
1517 560 1796 613 τοσούτων

115 646 164 701 δ’
211 642 440 717 ἀγαθῶν
476 646 801 716 ἡγεμόνας,
818 666 1046 709 τουτους
1083 655 1346 717 περιορᾶν
1387 646 1447 700 ἐν
1487 656 1603 710 ταῖς
1642 636 1796 717 §6202-

113 756 229 798 ταις
276 735 524 804 ἀπορίαις
571 736 732 798 ὄντας
780 736 971 804 ἔχοντα
1019 732 1108 787 καὶ
1154 739 1529 804 πλουτοῦντα,
1585 732 1671 788 καὶ
1721 736 1797 798 εἰς

113 820 273 877 τοῦθ’
315 823 469 891 ἥκειν
510 821 807 890 ἀναιδειάς,
847 820 1011 890 ὥσθ’,
1049 817 1114 890 ἧς
1137 820 1262 892 παρ’
1308 822 1463 891 ἡμῶν
1503 823 1667 892 τύχης
1706 841 1796 892 με·

47 927 87 956 71
111 910 287 982 τέσχε,
321 912 518 980 ταύτης
554 910 687 980 ἡμῖν
717 911 791 980 μὴ
823 914 1031 979 τολμᾶν
1062 913 1408 979 μεταδοῦναι.
1471 908 1592 964 ἀλλ’
1635 910 1798 974 αὐτὸς

112 997 213 1068 μὲν
251 999 353 1054 οὐκ
385 1001 595 1068 ὤκνησε
635 1000 735 1068 τὴν
769 997 1067 1052 δέσποιναν
1108 1007 1292 1068 γῆμαι,
1330 998 1419 1052 καὶ
1460 999 1493 1068 ἣ
1535 999 1596 1052 τὰ
1638 1019 1793 1052 κατα-

112 1085 344 1158 χύσματ’
403 1088 572 1141 αὐτοῦ
627 1086 877 1157 κατέχεεν
932 1084 1055 1140 τόθ’
1117 1085 1257 1155 ἡνίκ’
1318 1087 1573 1157 ἐωνήθη,
1628 1087 1930 1158 ταύτῃιικε

113 1185 383 1243 συνοικεῖ,
437 1172 568 1228 οὐδὲ
620 1184 821 1245 προῖκα
875 1175 1032 1228 πέντε
1089 1173 1318 1227 τάλανθ’
1374 1175 1520 1247 αὑτῷ
1574 1175 1797 1244 γράψαι,

113 1262 279 1334 χωρὶς
332 1259 410 1317 ὧν
461 1263 630 1331 οὔσης
682 1270 774 1330 τῆς
828 1264 1028 1332 μητρὸς
1083 1267 1273 1331 κυρίας
1324 1259 1484 1326 οὗτος
1536 1262 1798 1333 ἐγκρατὴς

113 1351 341 1421 γέγονεν
392 1354 613 1404 πολλῶν
666 1350 959 1420 χρημάτων
1007 1349 1086 1420 (τί
1127 1351 1230 1419 γάρ
1278 1350 1448 1404 αὐτὸν
1501 1349 1679 1405 οἴεσθ’
1722 1353 1799 1414 εἰς

113 1441 206 1502 τὰς
231 1440 501 1507 διαθήκας
527 1437 795 1507 ἐγγράψαι
828 1436 944 1491 ‘nal
978 1439 1166 1506 τᾶλλα,
1206 1438 1307 1492 ὅσα
1340 1437 1508 1508 ἐστὶν,
1537 1438 1797 1511 Ἀρχίππῃ

115 1525 391 1598 δίδωμι;’)
449 1526 543 1588 τὰς
597 1524 650 1579 δ’
706 1525 967 1595 ἡμετέρας
1019 1526 1328 1595 θυγατέρας
1378 1529 1683 1596 μελλούσας
1721 1525 1795 1581 δι’

49 1630 90 1664 τε
113 1616 333 1668 ἔνδειαν
380 1613 709 1677 ἀνεκδότους
755 1617 919 1668 ἔνδον
968 1616 1260 1685 γηράσκειν
1300 1624 1546 1688 περιορᾷ.
1623 1615 1712 1670 καὶ
1752 1620 1806 1671 εί

75 1691 78 1693 ’
113 1701 214 1773 μὲν
251 1701 418 1772 πένης
467 1699 627 1765 οὗτος
664 1699 761 1772 ἦν,
807 1703 959 1772 ἡμεῖς
1007 1701 1058 1756 δ’
1103 1703 1469 1771 εὐποροῦντες
1507 1704 1799 1775 ἐτυγχάνο-

114 1811 234 1861 μεν,
272 1789 362 1845 καὶ
390 1789 606 1860 συνέβη
646 1811 696 1844 τι
728 1798 952 1859 παθεῖν,
991 1785 1079 1845 οἷα
1119 1789 1299 1860 πόλλ’,
1340 1792 1480 1861 ἐμοί,
1519 1792 1578 1846 οἱ
1610 1787 1806 1856 παῖδες

114 1880 183 1934 ἂν
233 1879 292 1933 oc
335 1879 534 1933 τούτου
580 1889 692 1932 τῶν
739 1879 885 1948 ε’μῶν
922 1879 1249 1950 θυγατέρων
1290 1879 1696 1950 ἐπεδικάζοντο,
1746 1882 1809 1935 οῖ

114 1975 213 2022 τοῦ
253 1969 461 2022 δούλου
492 1977 602 2020 τῶν
634 1976 733 2022 τοῦ
771 1970 1061 2022 δεσπότου·
1102 1974 1249 2023 θεῖοι
1289 1969 1392 2039 γάρ
1433 1970 1574 2022 εἰσιν
1614 1969 1806 2034 αὐταῖς

116 2057 208 2110 διὰ
245 2058 308 2110 τὸ
346 2058 447 2125 τὴν
486 2055 689 2126 μητέρα
720 2058 820 2125 τὴν
853 2056 988 2126 ε’μὴν
1027 2064 1225 2111 τοῦτον
1265 2061 1474 2126 λαβεῖν·
1517 2056 1703 2128 ἐπειδὴ
1744 2056 1796 2111 δ’

115 2145 331 2214 ἀπόρως
361 2143 515 2214 ἡμεῖς
546 2147 761 2214 ἔχομεν,
800 2153 1093 2214 τηνικαῦτα
1119 2143 1168 2198 δ’
1199 2145 1265 2199 οὐ
1300 2147 1634 2199 συνεκδώσει
1674 2148 1799 2200 ταύ-

117 2253 229 2300 τας,
268 2231 405 2285 ἀλλά
444 2231 589 2301 λέγει
628 2231 718 2286 καὶ
758 2236 1023 2301 λογίζεται
1065 2236 1124 2287 τὸ
1156 2239 1369 2303 πλῆθος
1409 2229 1487 2287 ὧν
1528 2234 1633 2303 ἐγὼ
1672 2255 1799 2306 χρη-

52 2336 93 2368 w
116 2321 305 2390 μάτων
352 2323 470 2391 ἔχω.
547 2318 636 2373 καὶ
683 2321 786 2390 γὰρ
838 2319 985 2375 τοῦτ’
1030 2321 1376 2376 ἀτοπώτατον
1424 2321 1660 2376 πάντων.
1722 2317 1804 2375 ὧν

116 2406 218 2478 μὲν
257 2405 620 2477 ἀπεστέρηκεν
659 2408 799 2477 ἡμᾶς
829 2409 1139 2480 χρημάτων,
1179 2409 1396 2464 οὐδέπω
1435 2409 1525 2464 καὶ
1566 2413 1806 2481 τήμερον

118 2494 391 2566 ἠθέλησεν
423 2496 685 2566 ὑποσχεῖν
716 2498 812 2550 τὸν
845 2499 1031 2565 λόγον,
1070 2497 1207 2551 ἀλλὰ
1240 2497 1367 2568 μηδ’
1404 2500 1807 2568 εἰσαγωγίμους

117 2582 261 2638 εἶναι
315 2585 408 2647 τὰς
462 2586 614 2646 δίκας
667 2586 1107 2654 παραγράφεται·
1164 2585 1197 2639 ἃ
1253 2584 1313 2639 δὲ
1367 2596 1476 2640 τῶν
1529 2585 1805 2659 πατρῴων

120 2672 417 2741 ἐνειμάμην
457 2671 582 2741 ἐγὼ,
622 2680 790 2726 ταῦτα
823 2677 1102 2742 λογίζεται.
1164 2672 1254 2727 καὶ
1296 2677 1421 2737 τοὺς
1460 2672 1558 2744 μὲν
1600 2676 1806 2738 ἄλλους

120 2761 190 2813 ἄν
228 2779 309 2823 τις
341 2761 451 2813 ίδοι
489 2762 618 2824 τοὺς
650 2759 858 2824 οἰκέτας
887 2762 994 2815 ὑπὸ
1027 2771 1137 2815 τῶν
1178 2763 1458 2816 δεσποτῶν
1499 2762 1800 2832 ἐξεταζομέ-

122 2863 273 2911 νους·
325 2844 485 2911 οὗτος
523 2846 574 2901 δ’
617 2848 751 2903 αὐτὸ
789 2849 1113 2904 τούναντίον
1154 2852 1250 2904 τὸν
1291 2851 1561 2920 δεσπότην
1602 2851 1631 2905 ὁ
1672 2852 1799 2904 δοῦ»

121 2940 214 2999 λος
254 2935 498 3005 ἐξετάζει,
539 2937 611 2999 ὡς
651 2938 785 3007 δῆτα
825 2939 1068 3007 πονηρὸν
1109 2936 1194 2992 καὶ
1237 2939 1451 2992 ἄσωτον
1492 2938 1550 2993 ἐκ
1591 2939 1802 2993 τούτων
