2035 3158
167 702 212 734 67

174 1895 217 1926 68

177 2510 219 2541 69

237 160 341 211 122
696 160 877 202 nvn.
921 156 1428 216 [ΔΗΜΟΣΘΕΝΟΤΣ]

232 290 323 345 καὶ
372 292 539 345 πάλιν
593 291 913 361 αὐθημερὸν
966 291 1397 359 εἰσεληλύθεσαν
1446 290 1525 352 εἰς
1575 289 1677 358 τὴν
1730 288 2030 344 οἰκίαν

235 379 540 442 ἐκτίνοντος
584 379 686 447 τὴν
732 379 924 447 δίκην,
973 378 1185 431 τούτων
1234 377 1366 446 ὑμῖν
1405 376 1780 445 ἀναγνώσεται
1816 377 1912 438 τὰς

235 470 546 537 μαρτυρίας.
1971 456 1975 462 ’

903 566 1241 635 ΜΑΡΤΤΡῙΑΙ.

341 684 559 756 Ἐπειδὴ
607 690 800 741 τοίνυν
851 681 893 739 ὦ
945 686 1143 755 ἄνδρες
1200 682 1449 739 δικασταὶ
1500 683 1917 754 ἐπαγγείλαντός

237 794 343 843 μου
399 774 544 846 αὐτῷ
598 774 931 844 θεραπεύειν
957 774 1084 847 τὴν
1138 774 1439 844 ἄνθρωπον
1485 772 1555 840 ἣν
1601 770 1915 836 συνέκοψαν
1975 784 1978 785 ’

236 860 326 914 καὶ
375 863 564 930 ἰατρὸν
610 862 851 930 εἰσάγειν
898 861 1000 915 οὐκ
1048 859 1388 930 ἐφρόντιζεν,
1427 860 1532 929 ἐγὼ
1571 860 1733 922 αὐτὸς
1769 861 1915 927 εἰσή-

237 970 409 1017 γαγον
461 951 650 1018 ἰατρὸν
700 944 743 1021 ᾧ
791 949 967 1002 πολλὰ
1015 951 1105 1016 ἔτη
1153 947 1433 1018 ἐχρώμην,
1483 947 1543 1010 ὃς
1581 947 1914 1017 ἐθεράπευεν

236 1037 410 1106 αὐτὴν
442 1035 854 1108 ἀρρωστοῦσαν,
892 1035 982 1090 καὶ
1015 1035 1259 1100 ἐπέδειξα
1298 1036 1370 1099 ὡς
1408 1033 1570 1106 εἶχεν,
1607 1035 1914 1104 εἰσαγαγὼν

237 1125 529 1195 μάρτυρας.
625 1128 865 1188 ἀκούσας
929 1124 988 1178 δὲ
1048 1134 1148 1177 τοῦ
1210 1128 1400 1192 ἰατροῦ
1461 1126 1543 1178 ὅτι
1605 1114 1772 1177 οὐδὲν
1831 1126 1912 1177 ἔτι
1968 1139 1979 1146 “

237 1219 320 1282 εἴη
360 1213 392 1281 ἡ
432 1214 754 1281 ἄνθρωπος,
799 1213 966 1265 πάλιν
1014 1210 1232 1281 ἑτέρους
1271 1212 1548 1281 μάρτυρας
1584 1212 1916 1281 παραλαβὼν
1975 1211 2020 1266 ·ῐ,.-’.

237 1304 338 1370 τήν
369 1321 425 1354 τε
458 1302 758 1369 ἄνθρωπον
790 1298 1033 1364 ἐπέδειξα
1066 1301 1138 1362 ὡς
1169 1296 1297 1370 εἶχε,
1335 1298 1425 1353 καὶ
1465 1299 1756 1368 ἐπήγγειλα
1792 1299 1917 1353 τού·
1979 1340 1984 1346 .

239 1409 351 1451 τοις
387 1389 733 1458 θεραπεύειν.
810 1388 935 1459 ἕκτῃ
973 1391 1164 1442 τοίνυν
1211 1386 1385 1458 ἡμέρᾳ
1421 1387 1653 1458 ὕστερον
1691 1385 1725 1456 ἢ
1764 1383 1918 1440 οὗτοι
1935 1377 1994 1437 sis

238 1479 504 1545 εἰσῆλθον
543 1478 620 1538 εἰς
657 1478 758 1545 τὴν
798 1478 998 1545 οἰκίαν,
1039 1475 1384 1544 ἐτελεύτησεν
1421 1475 1455 1543 ἡ
1494 1477 1669 1544 τιτθή.
1745 1475 1818 1538 ὡς
1856 1471 1918 1528 δὲ
1974 1466 2002 1534 ’,

239 1565 419 1632 ἀληθῆ
451 1573 618 1617 ταῦτα
651 1563 810 1632 λέγω,
849 1566 1060 1618 τούτων
1091 1565 1225 1633 ὑμῖν
1258 1563 1631 1632 ἀναγνώσεται
1660 1563 1754 1626 τὰς
1784 1582 1918 1632 μαρ-

239 1656 440 1722 τυριάς.

908 1768 1249 1810 ΜΑΡΤΤΡΙΑΙ.

345 1870 564 1940 Ἐπειδὴ
603 1873 795 1924 τοίνυν
838 1870 1202 1940 ἐτελεύτησεν,
1241 1867 1420 1940 ἦλθον
1460 1871 1532 1933 ὡς
1558 1844 1696 1933 ’τοὺς
1734 1869 1922 1940 ἐξηγη·
2031 1839 2034 1842 ψ

244 1961 360 2027 τάς,
398 1960 489 2013 ἵνα
528 1959 732 2026 εἰδείην
773 1959 802 2011 ὅ
841 1979 892 2012 τι
931 1978 996 2027 με
1034 1960 1137 2029 χρὴ
1177 1969 1356 2012 ποιεῖν
1393 1956 1519 2028 περὶ
1556 1960 1793 2026 τούτων,
1831 1956 1922 2011 καὶ

244 2048 587 2116 διηγησάμην
619 2046 805 2108 αὐτοῖς
836 2048 1048 2099 ἅπαντα
1079 2047 1144 2099 τὰ
1176 2050 1464 2120 γενόμενα,
1501 2049 1601 2116 τήν
1638 2065 1695 2099 τε
1734 2045 1921 2116 ἄφιξιν

242 2137 342 2205 τὴν
380 2136 622 2203 τούτων,
669 2132 759 2187 καὶ
798 2135 897 2203 τὴν
944 2135 1169 2188 εὔνοιαν
1207 2143 1301 2203 τῆς
1340 2134 1671 2203 ἀνθρώπου,
1719 2133 1810 2187 καὶ
1850 2135 1923 2198 ὡς

241 2221 393 2294 εἶχον
432 2222 606 2290 αὐτὴν
647 2220 706 2274 ἐν
744 2229 808 2291 τῇ
848 2224 1022 2293 οἰκίᾳ,
1060 2220 1150 2275 καὶ
1189 2222 1262 2284 ὡς
1301 2223 1392 2275 διὰ
1430 2223 1491 2276 τὸ
1530 2224 1784 2291 κυμβίον,
1822 2222 1923 2276 οὐκ

243 2311 483 2380 ἀφιεῖσα,
522 2312 909 2377 τελευτήσειεν.
972 2309 1302 2372 ἀκούσαντες
1335 2308 1401 2362 δέ
1435 2329 1541 2378 μου
1581 2310 1639 2363 οἱ
1673 2308 1924 2378 ἐξηγηταὶ

245 2408 441 2467 ταῦτα,
491 2399 692 2467 ἤροντό
744 2417 809 2466 με
855 2399 1089 2465 πότερον
1141 2396 1513 2466 ἐξηγήσωνταί
1546 2417 1638 2465 μοι
1676 2400 1850 2466 μόνον
1889 2396 1924 2467 ἢ
1987 2398 2032 2469 ᾖ·

247 2485 336 2540 καὶ
390 2485 894 2554 συμβουλεύσωσιν.
971 2483 1410 2554 ἀποκριναμένου
1465 2483 1531 2537 δέ
1579 2503 1685 2553 μου
1738 2485 1925 2548 αὐτοῖς

245 2573 545 2643 ἀμφότερα,
584 2569 740 2647 εἶπόν
780 2592 872 2642 μοι
912 2572 1092 2641 εἡμεῖς
1122 2575 1313 2626 τοίνυν
1354 2586 1441 2625 σοι
1480 2571 1544 2624 τὰ
1581 2569 1682 2640 μὲν
1719 2575 1926 2642 νόμιμα
1999 2568 2030 2618 >3

247 2660 649 2730 ἐξηγησόμεθα,
698 2661 762 2713 τὰ
810 2657 870 2713 δὲ
921 2661 1177 2730 σύμφορα
1215 2658 1632 2727 παραινέσομεν.
1706 2670 1925 2730 πρῶτον
1976 2672 1994 2725 j:

246 2745 349 2817 μὲν
389 2748 698 2816 ἐπενεγκεῖν
738 2748 875 2817 δόρυ
916 2746 1003 2801 ἐπὶ
1041 2755 1104 2817 τῇ
1139 2747 1365 2818 ἐκφορᾷ,
1401 2745 1492 2800 καὶ
1530 2749 1925 2818 προαγορεύειν

248 2835 335 2889 ἐπὶ
372 2844 447 2908 τῷ
488 2839 840 2906 μνήματιχεῖ
869 2856 950 2898 τις
987 2839 1282 2906 προσήκων
1322 2833 1434 2888 ἐστὶ
1472 2843 1565 2902 τῆς
1604 2835 1926 2906 ἀνθρώπου,

248 2926 430 2977 ἔπειτα
468 2926 529 2978 τὸ
569 2931 755 2993 μνῆμα
784 2924 1082 2993 φυλάττειν
1122 2922 1208 2977 ἐπὶ
1248 2931 1391 2994 τρεῖς
1427 2921 1642 2993 ἡμέρας.
1696 2923 1824 2976 τάδε
1865 2919 1927 2976 δὲ
